4300 6317
1638 589 1970 652 ἀκέλευστος
2006 619 2135 627 —
2174 562 2364 641 dxou¹m

3363 573 3541 646 ‘15

473 737 579 788 ἀπ’
608 742 865 790 mutavit.
938 740 1432 806 Metrumpostulat
1456 742 1724 806 dipodiam
1750 742 1987 792 trochai-
2045 756 2150 805 περ
2177 740 2321 805 ἦσαν
2361 740 2581 804 ἀκμαῖοι
2622 738 2812 802 φύσιν.
2879 741 3035 791 Eum.
3057 741 3157 790 405
3196 736 3408 798 πώλοις
3447 735 3541 787 ἀκ-

476 823 633 864 cam,
679 809 891 872 qualem
933 809 1159 873 praebet
1193 809 1449 860 Ahrcnsii
1492 811 1804 860 coniectura
1844 824 1986 873 ψαμ-
2043 809 2219 872 μαίοις
2255 808 2409 860 τόνδ’
2433 807 2916 869 ἐπιζεύξασ’ὄχον.
3231 811 3239 828 ’

479 876 567 935 ,uic
596 873 761 924 ἀκτά.

2109 877 2187 927 ἀκ
2203 893 2238 937 μ
2257 876 2290 940 ή
2334 879 2540 940 tempus
2574 878 2955 940 opportunum.
3025 874 3171 924 Pers.
3199 876 3295 923 407
3323 869 3543 923 κούκέτ’

545 941 968 1003 ἀκέλευστος
1026 940 1290 998 iniussus,
1386 945 1487 1008 Ag.
1531 948 1625 996 731
1671 944 1821 995 δαῖτ’
1863 942 1987 996 ἀκέ-
2043 942 2115 1005 ἦν
2141 945 2358 1007 μέλλειν
2380 942 2546 1005 ἀκμή.
2615 949 2713 1007 Ag.
2743 947 2870 994 1353
2909 941 2977 993 τὸ
3019 942 3093 1005 μὴ
3132 941 3354 1004 μέλλειν
3376 939 3426 990 δ’
3449 937 3540 990 ἀκ-

476 1011 725 1070 λευστος
767 1010 1003 1061 ἔτευξεν.
1073 1013 1172 1062 979
1208 1013 1535 1074 μαντιπολεῖ
1576 1011 1625 1061 δ’
1657 1011 1991 1073 ἀκέλευστος
2044 1011 2134 1075 μή.
2161 1009 2181 1077 Π
2204 1010 2383 1078 otyor,
2418 1009 2597 1062 robur.
2667 1011 2816 1060 Eum.
2841 1014 2940 1061 370
2980 1010 3264 1074 βαρυπεσῆ
3301 1005 3540 1070 καταφέ·

477 1078 721 1139 ἄμισθος
748 1076 920 1128 ἀοιδά.

547 1145 936 1208 ἀκέραυνος
987 1158 1101 1196 non
1133 1144 1275 1197 ictus
1306 1144 1558 1209 ful-mine.
1653 1148 1744 1198 Fr.
1787 1149 1848 1198 15
1892 1145 1992 1198 Κα-
2047 1145 2286 1199 κολπίαν
2307 1146 2456 1212 ἀκμῇ
2482 1160 2542 1209 χε
2582 1148 2686 1196 ῶν.

2113 1213 2329 1279 ἀκμὴς
2370 1226 2485 1265 non
2546 1211 2803 1279 atiqatus.
2851 1213 2938 1262 Fr.
2965 1215 3063 1264 330
3086 1211 3253 1278 (apud
3277 1211 3542 1276 Harpocr.
3644 1253 3648 1258 .

550 1278 816 1341 άκεσμά
862 1278 1174 1335 remedium.
1266 1283 1355 1337 Pr.
1395 1285 1495 1334 482
1542 1280 1763 1348 κράσεις
1808 1279 1994 1346 ἠπίων
2051 1299 2092 1333 s.
2121 1299 2169 1335 v.
2215 1280 2515 1345 μαλκίομεν
2558 1297 2607 1347 p.
2639 1284 2749 1340 198,
2787 1284 2814 1331 1
2856 1280 2939 1330 ed.
2991 1280 3191 1342 Oxon.)
3234 1278 3332 1329 ἔλα
3372 1274 3543 1336 δίωκ“,

480 1213 698 1272 πανεὺς
723 1210 1042 1276 ἀκέραυνος.
1080 1214 1145 1264 V.
1167 1231 1209 1267 s.
1236 1230 1286 1263 v.
1311 1214 1591 1278 ἐνηλύσια.

480 1346 845 1407 ἀκεσμάτων.

2048 1349 2252 1414 ἀκμῆτι
2296 1346 2549 1412 μαλκίων
2590 1348 2735 1400 ποδί.
2804 1347 2893 1399 Sic
2917 1348 3256 1398 Hei-mannus
3298 1361 3396 1411 pro
3421 1343 3544 1397 ἑλα-
3609 1382 3644 1442 st

552 1413 828 1479 ἀκηδὲω
868 1428 981 1466 non
1015 1428 1160 1467 curo,
1230 1418 1315 1466 Pr.
1341 1420 1440 1469 508
1480 1419 1691 1469 σαυτοῦ
1716 1416 1766 1468 δ’
1805 1415 1996 1482 ἀκήδει
2049 1417 2151 1469 δίω
2179 1417 2289 1482 (vel
2314 1414 2573 1481 ἑλλαδίω)
2598 1418 2843 1481 κεκμῆτι.

484 1484 923 1546 δυστυχοῦντος.
1854 1515 1863 1522 -

556 1549 637 1600 ἀκ
652 1551 685 1612 ἡ
697 1565 821 1613 ρατ
835 1566 865 1601 ο
881 1565 909 1611 ς
937 1565 1137 1615 purae,
1170 1550 1429 1604 sincerus.
1497 1554 1644 1603 Pers.
1673 1555 1771 1602 614
1796 1550 1997 1615 ἀκήρα-

450 1628 455 1632 ·
484 1617 597 1667 τόν
621 1633 684 1668 τε
711 1619 918 1681 μητρὸς
952 1618 1141 1682 ἀγρίας
1182 1618 1296 1671 ἄπο
1331 1619 1530 1673 ποτόν.
1557 1619 1577 1685 fl
1600 1617 1825 1687 inteyer.
1895 1612 1996 1684 Ag‘.

486 1689 588 1734 «3131
619 1684 902 1751 ἀκήρατον
927 1686 1159 1750 σκάφος.
1744 1688 1754 1697 ’

557 1753 596 1804 ἀ
610 1752 871 1816 κίθαρις
894 1752 1108 1805 cithara
1125 1768 1341 1818 carens,
1374 1767 1487 1806 mm
1504 1752 1766 1821 qaudens.
1812 1754 1996 1820 Suppl.

402 1857 407 1866 .
488 1824 587 1870 681
618 1819 841 1884 ἄχορον,
868 1820 1138 1885 ἀκίθαριν,
1158 1822 1536 1888 δακρυογόνον
1559 1822 1713 1886 Ἀρη.

560 1887 796 1949 ἄκικυς
840 1888 921 1991 (2
956 1888 1254 1997 iuibicillis.
1344 1892 1431 1964 Pr.
1459 1894 1565 1960 ,547
1613 1886 1998 1957 ὀλιγοδρανίαν

420 1961 455 1974 .-
491 1957 706 2006 ἅκικυν.
749 1951 862 2028 m&
924 1969 1031 1990 uu.
1102 1971 1173 2015 'J'
1253 1941 1367 2009 flant
1415 1954 1704 2012 zssteuv'9
1748 1957 1785 1998 q
1820 1963 1995 2010 RJ'va

562 2023 895 2088 ἀκίχητος
940 2038 1094 2089 quem
1136 2023 1353 2090 assequi
1383 2022 1697 2089 nequimus,
1746 2023 1998 2075 inexora-

492 2089 639 2142 bilis.
710 2094 798 2141 Pr.
840 2095 935 2142 184
976 2091 1210 2157 ἀκίχητα
1251 2091 1357 2157 γάρ
1398 2093 1538 2156 ἤθεα
1578 2093 1669 2144 καὶ
1704 2092 1836 2157 κέαρ
1860 2092 1997 2144 ἀπα-

493 2157 760 2223 ράμυθον.

562 2225 912 2291 ἀκλαγγής
949 2239 1063 2278 mm
1096 2225 1328 2280 latrans.
1399 2230 1489 2283 Pr.
1525 2231 1625 2280 803
1658 2227 1999 2290 ὀξυστόμους

436 2302 457 2314 ··
492 2294 601 2358 γὰρ
622 2288 829 2357 ’Ζηνὸς
870 2294 1161 2357 ἀκλαγγεῖς
1213 2295 1380 2357 κύνας
1424 2295 1434 2360 Ι
1477 2293 1693 2359 γρῦπας
1743 2295 1997 2358 φύλαξαι.

495 2363 734 2412 Ιίεείὶιιιί
758 2360 1078 2424 ἀκλαγγεῑς,
1113 2364 1257 2428 quod
1281 2380 1443 2428 quum
1469 2365 1527 2413 in
1554 2363 1704 2414 libris
1729 2364 1997 2428 antiquio·

495 2431 649 2479 ribus
675 2428 933 2490 ἀκλαγεῑς
957 2432 1218 2495 scriptum
1242 2437 1411 2494 esset,
1446 2437 1507 2480 ut
1530 2432 1677 2481 verbi
1702 2428 1996 2492 κλαγγάνω

496 2498 698 2546 formae
741 2497 919 2563 plures
942 2498 1308 2563 vocabulaque
1350 2500 1418 2548 ab
1454 2514 1516 2548 eo
1551 2497 1793 2549 derivata
1834 2513 1998 2562 saepe

498 2565 796 2629 simpliciss
820 2566 1023 2629 scripta
1064 2571 1214 2627 sunt,
1255 2567 1314 2616 in
1355 2565 1637 2629 ἀκραγεῖς,
1679 2565 1819 2630 quod
1860 2581 2000 2614 nunc

498 2633 703 2696 legitur
742 2634 799 2681 in
825 2633 906 2696 M,
950 2639 1036 2683 est
1061 2638 1328 2683 mutatum
1369 2634 1437 2683 ab
1466 2632 1702 2682 librariis
1725 2649 1833 2682 non
1858 2634 2000 2696 cogi·

498 2701 751 2750 tentibus
776 2715 934 2750 canes
959 2716 1067 2749 non
1090 2698 1350 2762 clamare,
1388 2701 1477 2750 sed
1502 2698 1708 2750 latrare
1731 2700 1857 2750 dici.
1892 2701 1997 2750 Eo·

496 2767 617 2815 dem
640 2783 819 2817 errore
844 2766 1005 2827 κύνες
1030 2771 1364 2833 κεκραγυῖαι,
1385 2784 1450 2817 ex
1470 2768 1786 2829 κεκλαγυῖαι
1811 2772 2001 2828 ortum,

2117 1484 2349 1547 ἄκμων
2406 1484 2579 1535 incus.
2670 1486 2937 1549 Figurate
2978 1484 3128 1533 Pers.
3170 1484 3232 1533 51
3279 1479 3543 1557 Μάρδων,

2051 1550 2303 1616 Θάρυβις,
2328 1551 2533 1616 λόγχης
2551 1549 2789 1614 ἄκμονες
2802 1589 2815 1613 ,
2840 1553 2879 1603 i.
2904 1567 2948 1599 e.
2970 1548 3067 1614 qui
3083 1546 3349 1601 incudum
3366 1549 3547 1599 instar

2049 1618 2237 1672 hastae
2270 1618 2440 1671 ictum
2474 1616 2784 1671 inconcussi
2803 1615 3093 1684 recipiunt,
3120 1624 3183 1668 ut
3203 1633 3319 1682 exp.
3345 1615 3511 1667 schol.

2119 1684 2500 1747 ἀκνίσωτος
2540 1685 2602 1751 (ἰ)
2644 1683 2839 1738 nidore
2873 1698 3078 1737 carens.
3152 1685 3322 1734 Bekk.
3347 1682 3546 1734 Anecd.

2052 1771 2103 1820 p.
2129 1758 2246 1818 368,
2268 1758 2334 1805 29
2358 1751 2667 1814 ἀκνίσωτος
2691 1751 2868 1815 οῐκοςε
2907 1752 2939 1803 ό
2965 1752 3098 1802 ἄνευ
3123 1751 3300 1816 πυρὸς
3326 1751 3414 1801 καὶ
3439 1747 3547 1800 κνί-

2052 1835 2170 1887 σης.
2210 1822 2392 1882 οὕτως
2417 1820 2689 1883 Αἰσχύλος
2713 1821 2802 1886 (fr.
2823 1823 2962 1884 422).
3030 1817 3217 1871 Nidor
3240 1819 3544 1882 intelligen-

2050 1891 2148 1941 dus
2171 1896 2255 1940 est
2276 1890 2591 1940 hostiarum.

2117 1955 2285 2021 ἀκοή
2329 1954 2572 2008 auditus.
2643 1957 2731 2006 Pr.
2758 1958 2855 2008 689
2899 1955 3089 2015 ξένους
3132 1955 3418 2018 μολεῖσθαι
3456 1952 3547 2004 λό·

2050 2040 2183 2088 γους
2208 2023 2286 2086 είς
2310 2023 2483 2076 ἀκοὰν
2508 2021 2661 2085 ἐμάν.

2117 2092 2235 2144 ἀκο
2251 2090 2269 2141 ί
2280 2107 2489 2156 μητος
2520 2105 2806 2156 nunquam
2840 2089 3131 2157 quiescens,
3222 2090 3308 2143 Pr.
3356 2092 3449 2140 139
3490 2086 3544 2139 ἀ·

2052 2159 2301 2225 κοιμήτῳ
2327 2159 2556 2224 ῥεύματι
2581 2157 2848 2223 (Oceani).

2118 2228 2314 2347 ἄκὲοιτ
2332 2242 2389 2288 ις
2428 2240 2586 2280 uxor.
2655 2228 2803 2278 Pers.
2829 2229 2929 2279 684
2975 2225 3235 2278 λεύσσων
3260 2224 3309 2275 δ’
3333 2221 3547 2275 ἄκοιτιν

2052 2297 2161 2359 τὴν
2218 2294 2343 2358 μ’ν.

2117 2311 2292 2427 dxci?
2299 2379 2340 2414 π
2353 2375 2560 2424 αστος
2605 2360 2907 2414 iactatione
2955 2374 3176 2413 vacuus.
3262 2361 3408 2426 Sept.
3449 2361 3547 2410 538

2053 2430 2118 2482 ού
2146 2431 2256 2494 μὴν
2279 2429 2641 2493 ἀκόμπαστός
2661 2429 2717 2493 γ’
2739 2429 3033 2494 ἐφίσταται
3058 2429 3276 2489 πύλαις.

2064 2565 2084 2580 η
2118 2498 2422 2560 ἄκομπος
2467 2496 2766 2550 iactatione
2815 2495 2968 2549 liber.
3065 2497 3218 2562 Sept.
3267 2499 3365 2546 554
3406 2492 3546 2557 ἀνὴρ

2053 2580 2322 2628 ακομπος.
2768 2585 2778 2598 ·

2055 2631 2531 2752 Μάκιῖγτιστής
2577 2630 2868 2685 iaculator.
2946 2633 3089 2683 Pers.
3118 2635 3183 2684 52
3228 2628 3547 2682 ἀκοντισταὶ

2114 2713 2215 2753 υσο
2244 2739 2255 2750 .

2119 2767 2491 2833 ἀκόρεστος
2515 2767 2864 2821 insatiabilis.
2902 2770 3051 2820 Pers.
3075 2771 3174 2821 999
3199 2765 3396 2831 αἰχμῆς
3419 2763 3544 2816 ἀκό-

500 2838 555 2884 in
584 2835 853 2885 codicibus
880 2835 1148 2900 plerisque
1171 2835 1552 2900 Xenophontis
1585 2835 1790 2899 Cyneg.
1816 2839 1863 2896 3,
1888 2837 1919 2885 9
1947 2843 2001 2884 et
2051 2848 2270 2899 ρεστον.
2316 2834 2339 2903 ΙΙ
2384 2850 2670 2902 nunquam
2705 2849 2944 2897 cessans,
2998 2833 3373 2886 inexhaustus,
3446 2836 3544 2898 Ag.

501 2907 549 2956 0.
574 2905 639 2952 27
684 2904 944 2967 scriptum
972 2910 1056 2953 est
1081 2919 1176 2968 pro
1203 2903 1582 2964 κεκλαγγυῖαι,
1611 2903 1751 2965 quod
1777 2909 1859 2952 est
1894 2918 2001 2952 ser-

502 2978 691 3020 vatum
714 2971 770 3018 in
796 2967 935 3019 aliis.
1004 2971 1069 3019 In
1093 2970 1187 3020 Ch.
1212 2973 1337 3032 535,
1383 2972 1478 3020 ubi
1522 2970 1691 3020 codex
1717 2968 2000 3032 κέκλαγεν,

504 3039 573 3085 li.
600 3038 664 3086 L.
692 3036 898 3087 Ahrens
924 3036 1228 3100 κέκλαγγεν
1269 3039 1502 3103 scripsit,
1546 3037 1890 3088 Robortellus
1916 3036 2001 3089 κέ·

502 3118 727 3168 κραγεν.
763 3103 1055 3166 ἀκλαγγεῑς
1082 3112 1261 3156 autem
1284 3104 1454 3166 κύνας
1465 3104 1760 3168 Aeschylus
1783 3104 1919 3153 dixit
1943 3111 2004 3154 ut

502 3188 669 3221 canes
694 3172 1058 3236 metaphorice
1101 3173 1278 3224 dictos
1318 3175 1386 3224 ab
1413 3173 1636 3222 canibus
1673 3174 1766 3236 qui
1790 3174 2002 3237 proprie

502 3240 762 3289 dicuntur
784 3239 1163 3303 distingueret:
1209 3256 1350 3306 quae
1384 3242 1522 3290 satis
1559 3240 1759 3290 usitata
1783 3240 2004 3304 tragicis

504 3306 765 3371 loquendi
787 3307 958 3358 formu
983 3312 1085 3357 est.
1121 3307 1257 3357 Cum
1283 3309 1335 3357 ff
1359 3308 1628 3372 privativo
1652 3311 1775 3356 ante
1800 3315 2001 3358 mutam

504 3391 631 3424 curn
654 3365 859 3438 liquida
882 3375 1142 3439 producto
1162 3375 1579 3444 comparandum
1593 3373 1832 3438 ἄτρυτον
1858 3374 2004 3427 πόδα

506 3444 563 3490 in
591 3442 833 3491 trimetro
857 3441 1112 3504 Aeschyli
1139 3442 1291 3491 Eum.
1317 3446 1431 3495 403.
1466 3448 1523 3492 et
1546 3440 1800 3506 ἄτρωτος
1824 3444 1881 3492 in
1905 3442 2001 3493 tri-

507 3516 677 3558 metro
718 3509 913 3560 Eubuli
956 3509 1098 3574 apud
1134 3509 1326 3564 Athen.
1367 3513 1398 3560 9
1436 3526 1491 3574 p.
1516 3510 1659 3563 «449ίὶ
1724 3507 1785 3561 ἓν
1827 3508 2004 3572 ὄνομα

505 3577 762 3636 πολλοῖς·
799 3576 1019 3639 τρωτὸς
1062 3575 1330 3640 ἄτρωτος,
1367 3574 1553 3637 δασύς.
1624 3576 1756 3627 Cum
1780 3578 2003 3628 canibus

507 3650 686 3693 autem
713 3644 925 3709 Grypes
958 3649 1337 3709 comparantur
1376 3645 1509 3708 quia
1535 3645 1653 3694 auri
1677 3649 1804 3695 suut
1827 3652 2004 3696 custo-

450 3725 461 3738 ·
504 3712 627 3762 des:
678 3711 1117 3776 quemadmodum
1157 3711 1458 3773 mulierem,
1500 3727 1637 3776 quae
1675 3712 1884 3762 domum
1912 3712 2003 3762 ab·

506 3787 660 3829 sente
695 3780 889 3828 marito
925 3779 1185 3841 custodit,
1225 3781 1458 3840 γυναῖκα
1500 3778 1706 3842 πιστὴν
1732 3807 1793 3814 -
1818 3778 2001 3842 δωμά-

506 3861 629 3896 των
653 3844 792 3896 κύνα
815 3847 954 3895 dixit
978 3846 1274 3910 Aeschylus
1298 3848 1484 3910 Agam.
1509 3862 1559 3896 ν.
1585 3849 1697 3898 607.
1770 3846 2004 3897 Adiecti-

507 3929 632 3963 vum
658 3911 902 3978 ἀκρατής
939 3929 1003 3963 ex
1044 3912 1211 3978 ἄκρος
1248 3920 1304 3964 et
1336 3913 1469 3975 ἄγος
1493 3916 1847 3979 compositum
1882 3931 2005 3965 nus·

508 3997 667 4097 quam
704 3981 902 4046 legitur
941 3982 1052 4032 nisi
1090 3982 1148 4032 in
1166 3982 1641 4048 grammaticorum
1663 3981 1862 4046 glossis
1895 3984 2006 4047 qui-

506 4051 627 4097 bus«
653 4064 755 4098 am.

576 4115 912 4176 ἄκλαυτος
944 4127 1056 4166 non
1087 4113 1236 4181 flens.
1306 4117 1453 4183 Sept.
1477 4119 1576 4167 696
1601 4118 1782 4181 ξηροῖς
1806 4115 2005 4169 ἀκλαύ-

502 4198 623 4243 τοις
650 4182 869 4244 ὄμμασι.
894 4182 915 4249 n
939 4180 1235 4247 indefletus.
1304 4186 1457 4234 Eum.
1483 4186 1582 4235 564
1618 4184 1786 4235 ὤλετ’
1808 4183 2006 4236 ἄκλαυ-

502 4265 605 4311 τος
625 4288 639 4312 ,
688 4249 872 4316 ᾇστος.
967 4251 1218 4302 Veterem
1281 4253 1605 4317 scripturam
1659 4253 1893 4302 Atticam
1950 4252 2006 4303 ἄ-

503 4320 772 4379 κλαυτος,
814 4319 969 4369 euius
1006 4333 1127 4369 rara
1166 4318 1223 4368 in
1265 4319 1542 4370 codicibus
1582 4321 1907 4384 tragicorum
1932 4337 2006 4371 re-

502 4386 640 4435 licta
710 4391 836 4436 sunt
873 4385 1142 4451 exempla,
1199 4387 1488 4453 utrobique
1546 4388 1762 4439 restitui
1810 4403 1909 4453 pro
1949 4386 2007 4439 ἀ-

502 4452 805 4513 κλαύστοις
847 4460 902 4502 et
943 4452 1269 4515 ἄκλαυστος.

579 4520 680 4586 Ιᾶκ
695 4521 775 4581 λη
788 4533 901 4584 ρος
929 4533 1135 4585 expers.
1171 4521 1255 4572 Ex
1274 4521 1597 4588 glossemate
1614 4523 1827 4573 illatum
1852 4524 2005 4573 Eum.

500 4592 604 4639 352
667 4587 1004 4639 παλλεύκων
1065 4588 1127 4639 δὲ
1191 4587 1429 4641 πέπλων
1488 4590 1711 4654 ἄμοιρος
1768 4589 2007 4655 ἄκληρος

500 4657 769 4719 ἐτύχθην,
808 4657 903 4706 nbi
945 4671 1104 4706 sensu
1146 4661 1419 4722 metroque
1468 4657 1778 4724 postulante
1818 4660 2008 4723 scripsi

500 4723 848 4775 παλλεύκων
865 4722 925 4774 δέ
946 4722 1183 4775 πέπλων
1200 4722 1423 4789 ἄμοιρος
1444 4724 1624 4787 μούνα
1646 4723 1909 4790 ἑτύχθην;
1943 4726 2007 4777 de

502 4808 610 4857 quo
637 4791 749 4840 dixi
775 4793 829 4840 in
853 4790 1033 4842 Praei.
1063 4792 1145 4846 ed.
1168 4792 1320 4857 Lips.
1346 4793 1566 4857 quintae
1590 4809 1641 4859 p.
1668 4793 1783 4862 CL]

570 4859 873 4922 ἄκλητος
912 4870 1025 4909 non
1056 4861 1291 4913 vocatus.
1359 4860 1448 4910 Pr.
1488 4863 1617 4910 1024
1657 4857 1898 4923 ἄκλητος
1923 4859 2007 4924 ἔρ-

500 4941 636 4976 πων
661 4925 952 4986 δαιταλεὺς
976 4925 1309 4991 πανήμερος.
1380 4926 1479 4982 Ch.
1503 4929 1602 4980 838
1626 4927 1749 4990 ἥκω
1775 4926 1877 4990 μέν
1902 4927 2005 4980 ούκ

496 4994 770 5058 ἄκλητος,
797 4992 919 5043 ἀλλ’
942 4991 1271 5056 ὑπάγγελος.

569 5061 605 5113 ἀ
620 5077 651 5110 κ
666 5061 789 5124 μάζ
801 5075 847 5110 ω
875 5059 1217 5125 tempestivae
1233 5073 1370 5113 sunt.
1408 5062 1758 5112 Intransitive
1783 5060 2009 5124 ἀκμάζει

496 5135 717 5193 tempus
755 5130 855 5189 est,
902 5139 1037 5192 opus
1072 5131 1159 5180 est.
1230 5129 1377 5195 Sept.
1403 5132 1468 5179 94
1508 5127 1737 5192 ἀκμάζει
1761 5129 2008 5192 βρετέων

494 5199 745 5260 ε’χεσθαι.
815 5195 908 5245 Ch.
934 5197 1032 5246 726
1056 5197 1160 5246 νῦν
1198 5195 1304 5261 γὰρ
1345 5195 1568 5261 ἀκμάζει
1592 5195 1782 5248 Πειθὼ
1816 5196 2008 5249 δολίαν

493 5265 933 5328 ξυγκαταβῆναι.

560 5333 857 5394 ἀκμαῖος
901 5327 1093 5393 florens
1135 5333 1338 5394 aetate,
1380 5329 1653 5385 iuvenilis.
1749 5332 1893 5399 Sept.
1946 5334 2002 5382 11

2056 2906 2185 2955 1484
2227 2903 2402 2955 κακὸν
2442 2904 2606 2955 αἶνον
2630 2903 2838 2968 ἀτηρᾶς
2860 2903 3031 2964 τύχας
3055 2902 3378 2966 ἀκορέστου.
3450 2902 3547 2951 756

2053 2971 2115 3022 ἑκ
2156 2970 2207 3022 δ’
2246 2970 2454 3033 ἀγαθᾶς
2492 2972 2663 3035 τύχας
2705 2970 2852 3034 γένει
2885 2971 3216 3033 βλαστάνειν
3240 2967 3547 3032 ἀκόρεστον

2054 3036 2224 3090 οἰζύν.
2277 3041 2403 3090 1002
2427 3041 2526 3099 τᾶς
2561 3040 2771 3100 πολλᾶς
2795 3037 3001 3100 ὑγιείας
3025 3037 3334 3100 ἀκόρεστον
3355 3035 3545 3099 τέρμα.

2053 3106 2299 3157 Ροτε.545
2314 3109 2585 3158 πενθοῦσι
2597 3105 2750 3169 γόοις
2761 3105 3098 3170 ἀκορέστοις.
3111 3104 3200 3155 Sic
3210 3106 3547 3176 Hefmannus

2056 3189 2151 3239 pro
2177 3171 2587 3237 ἀκορεστάτοις,
2614 3174 2756 3238 quod
2777 3176 2836 3224 in
2856 3189 2961 3223 uno
2981 3189 3168 3239 apogr.
3188 3170 3547 3235 ἰιιάιςορεστο-

2053 3239 2241 3302 τάτοις
2267 3245 2530 3291 mutatum
2555 3248 2654 3292 est.
2725 3245 2823 3307 Ag.
2854 3245 2980 3292 1331
3023 3240 3092 3291 τὸ
3135 3239 3237 3303 μὲν
3282 3236 3344 3289 εὖ
3378 3237 3547 3302 πράσ-

2055 3321 2176 3360 σειν
2200 3307 2509 3372 ἀκόρεστον
2533 3308 2642 3369 ἔφυ
2668 3312 2802 3361 πᾶσι
2828 3309 3121 3372 βροτοῖσιν.

2121 3374 2157 3426 ἀ
2176 3391 2207 3426 κ
2230 3374 2261 3427 ό
2283 3389 2364 3439 pst
2382 3391 2416 3426 τ
2435 3390 2467 3427 ο
2488 3391 2516 3438 ς
2560 3373 2913 3430 insatiabilis.
2984 3379 3081 3439 Ag.
3111 3378 3238 3424 1143
3281 3372 3547 3437 ἀκόρετος

2057 3443 2200 3504 βοᾶς.
2277 3446 2404 3493 1117
2447 3441 2638 3504 στάσις
2678 3443 2728 3493 δ’
2766 3441 3034 3508 ἀκόρετος
3072 3441 3221 3505 γένει
3248 3441 3544 3492 κατολολυ-

2055 3508 2205 3563 ξάτω
2231 3510 2474 3574 θύματος
2498 3508 2776 3573 λευσίμου.

2122 3575 2279 3638 ἄκος
2319 3575 2633 3629 remedium.
2704 3581 2801 3642 Ag.
2821 3581 2888 3634 ,17
2931 3577 3110 3628 ὕπνου
3133 3576 3255 3628 τόδ’
3294 3574 3525 3638 ἀντίμολ

2055 3661 2167 3696 πον
2209 3644 2497 3706 ἐντέμνων
2538 3644 2684 3706 ἄκος.
2757 3646 2852 3697 Ch.
2881 3648 2979 3696 539
3022 3645 3150 3705 ἄκος
3191 3647 3424 3706 τομαῖον
3465 3642 3547 3693 έλ-

2056 3711 2264 3764 πίσασα
2306 3711 2599 3777 πημάτων.
2693 3713 2892 3779 Suppl.'
2910 3714 3010 3762 268
3047 3711 3274 3762 τούτων
3314 3710 3419 3773 ἄκη
3462 3725 3547 3761 το-

2056 3783 2187 3843 μαῖα
2211 3781 2298 3831 καὶ
2324 3780 2557 3845 λυτήρια
2583 3778 2805 3844 πράξας.
2876 3781 3020 3830 Pers.
3045 3777 3142 3830 631
3180 3777 3229 3830 εί
3251 3777 3358 3843 γάρ
3382 3793 3434 3827 τι
3460 3794 3547 3829 κα-

2056 3846 2330 3908 κῶνιάκος
2371 3846 2490 3899 οἶδε
2532 3848 2723 3899 πλέον.
2796 3850 2896 3912 Ag.
2926 3850 3022 3899 387
3065 3845 3197 3906 ἄκος
3234 3846 3294 3897 δὲ
3319 3849 3430 3897 πᾶν
3457 3845 3547 3908 μά-

2056 3930 2230 3966 ταιον.
2303 3918 2431 3965 1170
2454 3914 2587 3975 ἄκος
2610 3914 2661 3966 δ’
2678 3913 2844 3966 οὐδὲν
2867 3913 3194 3979 ἐπήρκεσεν.
3263 3913 3358 3963 Ch.
3387 3917 3450 3964 72
3476 3912 3547 3964 oi·

2056 3997 2214 4044 γοντι
2235 3982 2464 4046 (θιγόντι
2478 3981 2745 4046 Scaliger)
2772 3984 2821 4033 δ’
2837 3983 2970 4034 οὔτε
2988 3984 3280 4045 νυμφικῶν
3300 3978 3552 4033 ἑδωλίων

2059 4049 2207 4111 ἄκος.
2275 4050 2430 4101 Eum.
2456 4053 2553 4101 506
2578 4050 2712 4101 ἄκεά
2736 4051 2790 4101 τ’
2812 4050 2879 4101 ού
2906 4050 3107 4113 βέβαια.
3143 4052 3240 4101 645
3258 4049 3377 4100 ἔστι
3399 4049 3552 4099 τοῦδ’

2060 4116 2208 4178 ἄκος.
2295 4121 2392 4170 987
2440 4119 2674 4168 πολλῶν
2719 4118 2823 4181 γάρ
2867 4118 2989 4170 τόδ’
3034 4117 3097 4169 έν
3144 4118 3360 4181 βροτοῖς
3405 4114 3547 4177 ἄκος.

2060 4185 2248 4251 Suppl.
2274 4187 2371 4236 367
2397 4186 2532 4251 ξυνῇ
2599 4184 2812 4237 ελέσθω
2839 4185 2974 4246 λαός
2998 4185 3261 4237 ἐκπονεῖν
3283 4184 3408 4247 ἄκη.
3454 4187 3547 4235 451

2060 4255 2315 4317 πημονῆς
2362 4250 2483 4316 ἄκη.
2582 4251 2685 4304 Sed
2729 4254 2799 4303 ib.
2846 4255 2945 4303 266
2992 4256 3244 4317 μηνεῖται
3291 4250 3397 4315 ἄκη
3445 4269 3547 4302 cor-

2061 4327 2273 4386 ruptum
2299 4336 2361 4370 ex
2395 4319 2603 4382 μηνιαῖ’
2641 4318 2785 4384 ἄχη.]
2853 4321 2938 4371 Pr.
2964 4324 3029 4370 43
3070 4319 3203 4380 ἄκος
3243 4319 3349 4381 γὰρ
3390 4317 3552 4371 οὐδὲν

2059 4388 2226 4440 τόνδε
2263 4388 2596 4451 θρηνεῖσθαι.
2627 4389 2722 4438 Ch.
2750 4390 2846 4435 472
2872 4385 3004 4447 ἄκος
3031 4404 3124 4450 pro
3151 4385 3277 4445 ἑκάς
3303 4385 3547 4437 Schuetz.

2127 4454 2420 4518 ἄκοσμος
2440 4451 2752 4506 dissolu-tus.
2797 4454 2940 4504 Pers.
2951 4458 3048 4504 422
3073 4458 3225 4518 φυγῇ
3251 4452 3301 4503 δ’
3322 4452 3552 4518 ἀκόσμῳ

2060 4522 2168 4589 (sic
2194 4539 2257 4572 ex
2283 4538 2389 4572 uno
2415 4539 2602 4586 apogr.
2632 4538 2727 4587 pro
2754 4519 3038 4588 ἀκόσμως)
3064 4524 3216 4573 πᾶσα
3239 4523 3375 4582 ναῦς
3400 4520 3551 4586 ἠρέσ-

2060 4605 2208 4643 σετο.
2284 4593 2385 4641 470
2424 4588 2655 4654 ἀκόσμῳ
2697 4589 2794 4640 ξὺν
2818 4593 2988 4654 φυγῇ.

2127 4657 2443 4721 ἀκόσμως
2482 4655 2602 4707 sine
2634 4654 2841 4708 ordine.
2932 4658 3078 4709 Pers.
3110 4660 3209 4709 374
3250 4655 3353 4709 οὐκ
3392 4654 3556 4708 ἀκόσ-

2059 4741 2196 4789 μως,
2221 4723 2364 4777 ἀλλὰ
2388 4723 2670 4790 πειθάρχῳ
2697 4723 2875 4790 φρενί.
3369 4767 3374 4772 .
3515 4744 3520 4766 ;

2126 4792 2351 4845 ἀκούω
2395 4793 2533 4857 (cum
2556 4793 2864 4858 imperfecto
2897 4792 3124 4856 ἤκουον,
3160 4794 3404 4858 perfecto
3426 4790 3552 4856 ἀκή-

2063 4876 2184 4922 κοα,
2209 4861 2412 4911 aoristo
2436 4860 2676 4924 ἤκουσα,
2701 4859 2886 4910 futuro
2912 4860 3083 4910 medio
3107 4859 3434 4924 ἀκούσομαι)
3458 4874 3556 4910 απ-Ὶ

2061 4925 2170 4979 dio.
2230 4927 2357 4978 Sine
2380 4943 2510 4978 casu
2536 4928 2624 4977 Pr.
2652 4931 2752 4978 448
2775 4926 3042 4989 κλύοντες
3064 4926 3168 4979 οὐκ
3191 4928 3420 4992 ἤκουον.
3459 4930 3556 4979 63(-

2061 4993 2228 5047 ἄκουε
2252 4994 2339 5058 δή.
2395 4995 2540 5059 Sept.
2561 4997 2659 5046 202
2683 4995 2943 5058 ἤκουσας,
2969 4995 3004 5059 ἢ
3030 4993 3135 5046 οὐκ
3157 4994 3433 5059 ἦκουσαςς
3458 4998 3556 5045 246

2062 5061 2137 5127 μή
2162 5078 2264 5114 νυν
2288 5060 2554 5114 ἀκούουσ’
2576 5061 2840 5126 ἐμφανῶς
2864 5061 3023 5113 ἄκου’
3045 5060 3200 5124 ἄγαν.
3270 5065 3365 5114 581
3392 5063 3556 5129 ἔργον

2044 1095 2125 1144 ρω
2171 1080 2346 1140 ποδὸς
2387 1077 2583 1142 ἀκμάν.
2673 1080 2816 1130 Pers.
2847 1079 2977 1129 1060
3014 1075 3235 1128 πέπλον
3275 1075 3327 1126 δ’
3366 1074 3542 1140 ἔρεικε
3568 1077 3730 1137 ⁸:22,-

2060 5159 2122 5166 —-
2149 5130 2326 5181 καλόν
2349 5128 2403 5180 τ’
2426 5129 2659 5182 ἀκοῦσαι
2685 5129 2774 5181 καὶ
2808 5128 2989 5191 λέγειν
3014 5129 3388 5196 μεθυστέροις.
3459 5133 3554 5182 807
3644 5173 3664 5197 ,

2060 5199 2354 5263 φρονοῦσα
2393 5200 2496 5249 νῦν
2520 5197 2780 5250 ἄκουσον.
2849 5197 2998 5248 Pers.
3032 5201 3127 5248 211
3171 5197 3333 5249 ταῦτ’
3374 5197 3552 5261 ἔμοιγε

2058 5263 2272 5330 δείματ’
2295 5264 2414 5317 ἔστ’
2437 5262 2588 5323 ἰδεῖν.
2613 5263 2742 5328 ὑμῖν
2765 5263 2816 5314 δ’
2837 5262 3077 5317 ἀκούειν.
3139 5267 3237 5316 361
3263 5263 3295 5317 ό
3319 5263 3369 5316 δ’
3394 5264 3556 5325 εὐθὺς

2059 5331 2137 5393 ὼς
2163 5333 2421 5397 ἤκουσεν.
2493 5331 2590 5384 Ch.
2615 5335 2647 5383 5
2686 5330 2898 5396 τύμβου
2921 5332 2973 5383 δ’
2995 5331 3089 5385 ἔπ’
3111 5331 3264 5399 ὄχθῳ
3289 5333 3437 5398 τῷδε
3462 5348 3552 5397 κη-

489 5403 601 5454 τὸν
631 5395 957 5451 ἐλλείποντ’
978 5397 1058 5450 ἔτι
1082 5398 1222 5464 ἥβης
1245 5397 1492 5463 ἀκμαίας.
1560 5399 1705 5453 Pers.
1732 5403 1828 5450 441
1856 5399 2005 5452 ὅσοι·
2058 5399 2253 5466 ρύσσω
2295 5400 2463 5465 πατρὶ
2507 5399 2710 5464 κλύειν,
2758 5398 3018 5465 ἀκοῦσαι,
3064 5399 3158 5452 ubi
3199 5399 3556 5465 tautologiam

902 5649 999 5728 ..⁵⁴1
1124 5653 1409 5714 C'*'*³''x
