4300 6317
291 528 331 584 Vl
942 526 1193 586 PRAEFATIO.

292 684 603 755 adsehol.En1ipidea
619 685 674 739 rol.
694 691 706 738 1
726 703 754 754 p.
771 685 845 741 XVI.
875 683 987 740 Scholia
1003 700 1051 738 au·
1076 688 1158 740 verat
1178 685 1363 744 Wellauerus.
1391 685 1526 741 Similiter
1547 685 1702 741 Wellaueri
1720 685 1833 753 Lexico,

292 771 351 824 tem
370 769 498 824 Modicea
519 770 555 823 ad
581 772 717 840 quattuor
743 772 898 840 postremas
919 770 1051 838 Aeschyli
1078 770 1195 824 exclusis
1213 773 1308 826 tamen
1335 772 1556 841 fragmentomm
1583 771 1739 834 vocabulis,
1768 790 1835 826 usus

293 854 403 908 fabulas
415 856 443 908 in
456 854 553 910 codice
566 856 789 924 Guelferbytano
802 873 855 908 non
865 856 955 925 magis
966 872 1050 924 quam
1077 858 1121 910 cst
1137 855 1170 909 G.
1188 855 1365 911 Linwoodius
1387 857 1415 910 iu
1442 855 1544 911 herico
1562 857 1731 925 Aeschyleo,
1758 858 1835 926 quod

293 941 402 1010 septem
420 940 578 994 fabularum
596 940 702 994 scholia
718 940 746 993 in
765 940 925 995 Monacensi
944 940 1050 1010 exipso
1076 940 1199 1010 primum
1227 940 1334 1010 prodiit
1362 940 1481 996 Londini
1515 959 1540 996 a.
1572 948 1637 997 1843
1666 943 1696 996 ct
1724 942 1834 997 iteratis

292 1024 420 1079 Mediceo
445 1027 511 1079 suut
536 1025 685 1095 descripta,
709 1025 758 1079 sed
785 1043 819 1079 ex
844 1026 937 1095 priore
956 1024 1051 1094 aliquo
1076 1026 1149 1079 euris
1166 1025 1336 1094 perpolitum
1364 1042 1388 1079 a
1408 1032 1485 1091 1847,
1513 1026 1562 1095 qui
1580 1025 1686 1081 Latinis
1712 1027 1833 1081 vocabu·

292 1109 469 1179 apographo,
497 1110 606 1164 levibus
632 1110 713 1164 lactis
731 1110 934 1166 mutat-ionibus
950 1109 1049 1176 illatis·
1076 1110 1166 1165 lorum
1184 1110 1463 1180 interpretationibus
1475 1111 1606 1180 Anglieas
1617 1111 1763 1166 substituit
1782 1130 1834 1167 nee

293 1210 348 1263 que
378 1195 485 1263 pariter
511 1197 543 1248 ιιι
570 1194 599 1248 in
628 1194 789 1250 Monacensi
822 1190 1139 1272 annotationibuslraro
1157 1195 1192 1249 de
1210 1194 1382 1265 singulomm
1409 1194 1533 1249 locorum
1560 1196 1606 1250 vel
1632 1197 1771 1265 scriptura
1788 1197 1834 1251 vel

294 1279 436 1333 nonnullis
454 1278 579 1334 Thomas
597 1279 733 1349 Magistri.
1061 1275 1308 1355 'interpretatione
1339 1279 1507 1349 disputavit,
1538 1280 1613 1350 quod
1640 1296 1693 1350 ego
1720 1298 1833 1351 quoque

343 1362 490 1418 Sufficiens
511 1364 635 1422 haccut
656 1364 818 1435 intelligant
839 1364 959 1419 lectores
982 1362 1131 1433 quo-'feci
1148 1364 1196 1436 ubi
1223 1364 1259 1417 ad
1285 1363 1483 1418 declarandam
1510 1365 1710 1419 vocabulorum
1728 1366 1833 1437 signiti-

292 1448 375 1502 modo
402 1449 507 1503 factum
534 1450 571 1502 sit
597 1453 629 1502 ιιι
649 1450 756 1530 scholia
777 1452 874 1504 vetera
897 1449 925 1502 in
948 1413 1216 1524 liexicoleatiouem
1233 1452 1418 1504 necessarium
1441 1452 1526 1514 esset,
1550 1449 1654 1503 exclusi
1676 1466 1743 1504 vero
1762 1468 1835 1520 quae

292 1551 376 1603 saepe
391 1550 583 1600 memorarem,
597 1534 754 1602 Byz'antipa
766 1551 841 1599 sero,
854 1551 973 1603 quorum
986 1550 1050 1589 auc·
1061 1529 1064 1554 ¹
1076 1534 1284 1589 commentariis
1306 1535 1400 1603 potius
1421 1537 1487 1588 suut
1507 1534 1655 1589 tractanda
1679 1550 1764 1603 quam
1783 1553 1835 1605 per

292 1619 391 1673 toritas
408 1618 487 1672 nulla
506 1624 561 1684 est,
580 1620 669 1673 rarius
686 1618 864 1688 attinpierem.
1077 1619 1198 1674 Lexicon
1225 1617 1392 1689 spargenda
1427 1617 1467 1672 Ex
1490 1620 1740 1673 innumerabilibus
1758 1621 1834 1675 eriti-
1871 1608 1875 1612 ’

343 1704 493 1772 Reliquum
512 1705 555 1758 est
572 1707 605 1758 ut
621 1704 690 1757 duos
702 1721 854 1758 memorem
868 1705 942 1759 viros
954 1705 1065 1759 doctos!
1078 1722 1174 1759 corum
1191 1704 1370 1769 coniecturis,
1389 1721 1507 1773 quarum
1520 1704 1549 1757 iu
1561 1703 1621 1758 dies
1633 1705 1733 1760 erescit
1744 1706 1835 1775 copia,

292 1790 424 1858 quiante
443 1806 487 1842 me
512 1789 614 1843 Lexica
636 1788 792 1857 Aeschyleo
809 1789 965 1844 ediderunt
999 1788 1050 1843 Eo
1079 1806 1126 1844 eas
1142 1789 1271 1853 tantum,
1303 1789 1335 1841 ιιι
1356 1804 1408 1857 par
1430 1789 1504 1853 erat,
1535 1788 1564 1843 in
1587 1787 1708 1843 Lexicon
1736 1791 1833 1844 rettuli

294 1893 356 1928 rum
374 1875 451 1943 prior
463 1874 661 1944 cstAugustus
673 1873 862 1940 Wellauerus,
881 1876 930 1943 qni
942 1876 1051 1944 septem
1078 1890 1151 1943 quae
1170 1873 1215 1928 vel
1234 1875 1326 1928 certae
1349 1872 1395 1927 vel
1412 1871 1479 1927 satis
1500 1873 1661 1942 probabiles
1678 1891 1742 1937 esse¹
1757 1876 1835 1929 vide·

294 1958 447 2029 tragoediis
464 1977 528 2014 cum
546 1962 683 2028 apparatu
710 1959 807 2014 critico
834 1959 870 2013 ab
888 1976 917 2013 se
941 1976 967 2013 a.
988 1949 1188 2015 recolantur:
1216 1958 1386 2027 reliquarum
1405 1957 1544 2012 delectum
1563 1958 1591 2012 in
1610 1959 1767 2028 appendice
1785 1959 1836 2014 Le·

295 2049 395 2098 -1824
413 2044 497 2097 editis
514 2047 578 2114 post
594 2061 680 2097 anuos
703 2062 751 2099 sex
768 2043 889 2099 lexicon
915 2044 1052 2111 adiunxit,
1063 2002 1066 2112 Ε
1079 2045 1132 2099 rici
1150 2044 1291 2114 proposui.
1309 2043 1382 2097 Nam
1400 2042 1505 2097 multae
1523 2042 1676 2097 multorum
1693 2044 1835 2100 coniectu·

295 2130 323 2183 in
348 2146 405 2198 quo
432 2129 576 2184 vocabulis
602 2130 719 2199 singulis
741 2129 810 2183 nihil
833 2131 946 2199 praeter
967 2117 1127 2220 iuter-{rae
1145 2130 1264 2183 itasunt
1286 2129 1464 2198 comparatae
1486 2130 1519 2181 ιιι
1540 2127 1608 2181 licet
1629 2130 1723 2183 certae
1736 2129 1836 2185 haberi

294 2214 483 2283 pretationem
519 2214 647 2268 additum
679 2217 722 2268 est
744 2213 892 2283 heduam,
922 2216 1234 2285 exemplalnequeant,
1259 2216 1354 2268 tamen
1378 2212 1543 2281 scripturam
1568 2212 1713 2282 vulgatam
1742 2232 1839 2284 suspe-

295 2300 390 2353 autem
409 2316 464 2353 uon
483 2300 542 2353 sine
561 2300 700 2353 erroribus
712 2298 826 2368 quidem
845 2300 875 2353 in
893 2283 1153 2386 nominibusjetam
1180 2298 1299 2353 reddere
1326 2298 1440 2366 verique
1468 2296 1630 2350 inveniendi
1657 2299 1731 2352 viam
1760 2316 1838 2353 mon-

295 2384 454 2437 labularum
472 2400 660 2452 versuumque
684 2384 820 2450 numeris,
844 2384 893 2438 sed
911 2386 1006 2438 tamen
1024 2386 1053 2439 in
1064 2389 1067 2402 '
1079 2385 1168 2438 strare
1180 2383 1295 2453 possint.

294 2468 455 2522 universum
479 2469 546 2523 satis
572 2468 723 2538 diligenter
749 2471 814 2523 silut
839 2468 970 2523 collecta:
993 2427 1067 2538 qui-l
1130 2468 1260 2537 Aeschyli
1279 2468 1378 2538 lingua
1395 2485 1481 2536 quum
1505 2466 1661 2536 peculiaria
1681 2469 1773 2522 multa
1790 2468 1838 2523 ha·

294 2554 346 2607 bus
364 2570 417 2622 ego
435 2554 476 2608 ita
487 2571 547 2607 sum
567 2572 631 2607 usus
644 2556 675 2607 ιιι
693 2554 890 2622 praetermissa
907 2554 942 2607 ab
955 2571 1002 2620 eo,
1024 2556 1053 2608 in
1064 2561 1067 2594 Ι
1080 2555 1154 2619 beat,
1173 2571 1245 2623 quac
1268 2552 1438 2608 coniunctim
1461 2552 1605 2622 proposita
1625 2553 1726 2608 melius
1748 2554 1838 2622 perci·

295 2639 397 2708 quibus
415 2638 505 2693 multa
522 2638 588 2691 sunt
605 2655 725 2708 quorum
747 2639 877 2692 notitiam
899 2641 960 2693 tum
983 2623 1195 2709 tem-'piuntur
1213 2655 1297 2707 quam
1320 2655 1370 2707 per
1392 2636 1513 2691 Lexicon
1536 2637 1673 2708 dispersa,
1695 2637 1840 2694 laudanda

295 2724 371 2793 poris
388 2723 491 2778 hahere
504 2722 628 2778 noudum
646 2726 790 2792 potuerat,
808 2738 864 2777 uon
882 2740 973 2798 pauca
989 2742 1053 2793 sup·
1064 2698 1067 2770 l
1080 2725 1123 2778 cst
1140 2723 1171 2777 B.
1181 2723 1274 2777 Todtii
1285 2722 1446 2792 diligentia,
1460 2723 1509 2791 qui
1520 2723 1787 2779 commentationem
1805 2725 1840 2778 dc

294 2808 402 2878 plerem
421 2811 451 2862 et
474 2809 595 2863 centena
618 2807 750 2877 vulgatae
772 2826 845 2877 quae
867 2811 928 2862 tum
946 2781 1211 2877 lercha-ldcschylo
1230 2810 1419 2863 uocabulorum
1441 2809 1581 2863 inuadere
1603 2808 1682 2862 Halis
1705 2808 1796 2862 edidit
1815 2826 1839 2863 a

294 2894 341 2946 tnr
369 2893 523 2962 scripturae
554 2894 624 2948 rit-ia
646 2910 833 2959 removerem,
862 2910 935 2962 quae
962 2877 1068 2960 serva-l
1083 2898 1156 2959 1855,
1175 2893 1210 2948 de
1228 2909 1284 2962 qua
1302 2893 1359 2947 dixi
1378 2894 1406 2946 in
1420 2892 1474 2947 fine
1492 2886 1574 2947 huius
1592 2893 1694 2948 Lexiei.
