4300 6317
545 3859 576 3871 '*
635 3850 867 3912 στρέψαι
921 3849 1109 3906 νόσου.

1801 929 1968 992 πεῖρα
2000 951 2134 964 -—--
2175 921 2465 987 Πελασγοί

621 1076 839 1139 ὄμματα
886 1078 1142 1141 Πειθοῦς.
1213 1081 1397 1148 Suppl.
1445 1084 1543 1133 523
1592 1080 1781 1134 Πειθὼ
1834 1077 1885 1131 δ’
1918 1078 2127 1130 ἕποιτο.

626 1150 752 1195 1040
788 1146 976 1207 Πόθος
1013 1146 1047 1212 ᾇ
1070 1148 1122 1198 τ’
1149 1147 1314 1200 οὐδὲν
1345 1149 1597 1214 ἄπαρνον
1624 1147 1837 1199 τελέθει
1875 1145 2128 1210 θέλκτορι

622 1212 832 1264 Πειθοῖ.
903 1215 990 1264 Fr.
1020 1218 1114 1266 156
1141 1216 1317 1277 μόνου
1353 1217 1413 1269 δέ
1450 1215 1752 1282 (Θανάτου)
1785 1212 1979 1266 Πειθὼ
2015 1213 2127 1265 δαι·

623 1281 813 1342 μόνων
849 1280 1173 1334 ἀποστατεῖ.

690 1351 885 1409 πεῖρα
911 1352 1155 1400 conatus.
1227 1351 1374 1416 Sept.
1411 1353 1510 1403 499
1544 1350 1764 1403 τοιοῦδε
1790 1349 1986 1414 φωτὸς
2013 1352 2127 1401 πεῖ-

624 1430 725 1478 ραν
772 1414 832 1465 εὖ
889 1417 1223 1479 φυλακτέον,
1295 1421 1442 1472 Pers,
1492 1422 1587 1469 719
1633 1417 1816 1484 πεζὸς,
1847 1418 1882 1481 ἢ
1920 1416 2130 1482 ναύτης

625 1484 684 1533 δέ
725 1486 919 1545 πεῖραν
956 1484 1116 1549 τήνδ’
1152 1485 1438 1550 ἐμώρανεν
1473 1484 1672 1548 τάλαςς
2015 1544 2025 1558 ‚

691 1550 888 1614 πειρά
924 1550 1120 1615 cuspis.
1156 1553 1314 1604 acies.
1357 1555 1452 1604 Ch.
1480 1557 1579 1605 860
1604 1555 1910 1617 μιανθεῖσαι
1945 1552 2130 1618 πειραὶ

626 1617 892 1667 κοπάνων
938 1618 1380 1684 ἀνδροδαΐκτων.
1419 1623 1693 1680 κόπανον,
1742 1622 1880 1687 quod
1920 1622 2132 1686 proprie

621 1683 893 1748 pistillum
946 1689 1243 1751 significat.
1298 1690 1364 1739 de
1411 1705 1516 1755 quo
1565 1706 1616 1743 v.
1659 1684 1824 1740 Thes.
1869 1687 1978 1738 vol.
2013 1692 2045 1737 4
2080 1705 2131 1753 p.

631 1755 781 1813 1810,
832 1754 898 1803 de
953 1758 1126 1806 securi
1178 1757 1317 1806 dixit
1363 1756 1680 1819 Aeschylus.
1751 1754 1951 1820 πειραί,
1992 1755 2132 1820 quod

626 1820 790 1897 schol.
820 1838 941 1886 exp.
979 1823 1160 1885 πειραὶ
1195 1822 1251 1875 αἱ
1287 1822 1453 1884 ἀκμαί
1488 1826 1608 1875 τῶν
1644 1825 1841 1887 ξιφῶν,
1880 1823 2029 1887 παρὰ
2063 1822 2131 1874 τὸ

627 1901 860 1951 πειρειν·
899 1890 1167 1940 κοπάνων
1192 1890 1252 1942 δέ
1276 1894 1396 1941 τῶν
1422 1894 1710 1942 κοπτικῶν
1736 1890 1939 1952 ξύλων,
1975 1905 2131 1942 voca-

624 1956 804 2004 bulum
862 1965 944 2006 ost
995 1957 1207 2007 aliunde
1259 1976 1365 2008 non
1419 1961 1712 2024 cognitum.
1804 1962 1939 2008 Nam
1994 1959 2134 2023 quod

627 2023 768 2086 apud
804 2024 1096 2073 Diodorum
1135 2027 1190 2075 in
1217 2028 1348 2075 l-ch.
1376 2028 1497 2077 Vat.
1535 2043 1585 2091 p.
1615 2027 1686 2078 48
1722 2026 1802 2076 ed.
1839 2026 1965 2075 Mai.
2006 2027 2134 2089 legi-

629 2097 731 2144 tur,
772 2108 837 2140 ex
874 2090 1123 2155 σπείραις
1163 2101 1474 2158 corruptum
1509 2109 1626 2144 esse
1660 2093 2034 2144 animadvertit
2069 2094 2130 2143 L.

627 2153 932 2209 Dindorlius
968 2161 1023 2209 in
1060 2161 1224 2210 Thes.
1263 2163 1372 2215 vol.
1410 2164 1441 2211 6
1477 2178 1528 2227 p.
1555 2164 1670 2215 669.
1709 2177 1807 2212 nec
1843 2161 2132 2227 quidquam

628 2226 959 2277 tribuendum
1005 2228 1227 2279 Lentzii
1276 2231 1618 2279 coniecturae
1668 2228 1986 2292 (Herodian.
2025 2230 2130 2281 vol.

632 2296 652 2339 1
711 2309 759 2357 p.
814 2297 938 2354 263,
998 2298 1077 2357 14)
1132 2297 1225 2361 qui
1278 2312 1372 2361 pro
1427 2305 1681 2361 corrupto
1735 2294 1924 2361 σχειρά
1988 2296 2132 2362 apud

2524 1029 2551 1038 σ-

2183 1077 2393 1131 οῠκουν
2438 1078 2659 1131 πελάζει
2705 1076 2847 1138 Ζεὺς
2882 1075 2973 1129 ἐπ’
3021 1074 3296 1141 εὐκραίρῳ
3336 1076 3445 1138 βοῑ;
3501 1076 3688 1125 Futuri

2184 1145 2415 1198 πελάσω
2444 1147 2621 1196 forma
2641 1146 2823 1196 Attica
2849 1146 3024 1206 πελῶ,
3063 1145 3124 1195 de
3154 1161 3258 1209 qna
3294 1163 3342 1194 v.
3379 1145 3540 1193 Thes.
3580 1144 3685 1192 vol.

2184 1217 2214 1264 6
2252 1231 2300 1279 p.
2339 1216 2461 1272 687,
2512 1214 2601 1264 Ρι·.
2637 1215 2734 1264 282
2780 1212 2937 1275 χθονὶ
2972 1212 3107 1277 τῇδε
3144 1213 3316 1262 πελῶ.
3386 1212 3690 1260 'l'ransiiive

2184 1279 2628 1346 apqropinquaro
2660 1279 2837 1344 faciO,
2872 1278 3142 1331 admo-oea.
3216 1281 3302 1328 Pr.
3344 1280 3435 1328 155
3472 1279 3689 1337 δεσμοῖς

2184 1348 2409 1410 ἀλύτοις
2445 1346 2651 1414 ἀγρίως
2677 1347 2937 1409 πελάσας.
2968 1347 2988 1412 ΙΙ
3016 1349 3211 1397 Forma
3249 1347 3420 1396 media
3458 1346 3686 1396 πελάζο-
3772 1347 3799 1424 ff

2186 1431 2277 1480 μαι
2323 1415 2724 1482 appropinqua,
2778 1412 2986 1467 accedo.
3062 1414 3205 1478 Sept.
3260 1417 3353 1464 144
3391 1410 3589 1464 λιταῖσί
3626 1425 3687 1463 σε

2186 1484 2504 1545 θεοκλύτοις
2542 1483 2819 1536 ἀπύουσαι
2857 1482 3254 1545 πελαζόμεσθα.
3300 1484 3366 1519 ’ν’

2216 1609 2227 1622 ,
2306 1550 2525 1603 ελάθω
2561 1550 2959 1617 appropinquo.
3033 1551 3123 1600 Fr.
3153 1555 3239 1600 131
3271 1547 3322 1599 τί
3349 1548 3478 1599 ποτ’
3502 1547 3568 1598 οὐ
3597 1563 3687 1601 πε-

2187 1621 2219 1671 λ
2295 1633 2372 1680 εις
2406 1618 2496 1671 ἐπ’
2542 1618 2792 1684 ἀρωγάν;
2851 1622 2946 1668 Est
2992 1619 3207 1683 poetica
3256 1617 3547 1680 praesentis
3585 1617 3687 1665 for-

2187 1704 2290 1748 ma,
2330 1703 2462 1753 quae
2497 1688 2582 1739 bis
2614 1688 2817 1753 legitur
2852 1687 2991 1751 apud
3018 1685 3322 1749 Euripidem
3361 1684 3545 1747 (illies,
3575 1688 3688 1734 557.

2188 1888 2406 1952 πλάθω,
2443 1891 2584 1956 quod
2618 1906 2668 1944 v.

2216 1949 2550 2019 ‘vi-exavoq
2586 1954 2771 2008 libum.
2842 1957 2988 2007 Pers.
3033 1958 3131 2006 204
3167 1954 3538 2019 ἀποτρόποισι
3576 1953 3686 2005 δαί-

2187 2038 2348 2089 μοσιν
2399 2024 2637 2078 θέλουσα
2688 2027 2852 2077 θῦσαι
2903 2023 3165 2076 πέλανον.
3237 2025 3381 2076 Pers.
3431 2027 3529 2073 524
3574 2025 3689 2084 ἥξω

2188 2094 2437 2158 λαβοῦσα
2472 2093 2723 2146 πέλανον
2768 2091 2824 2144 ἐξ
2867 2091 3042 2144 οἴκων
3079 2090 3245 2154 ἐμῶν.
3322 2094 3397 2140 Dc
3438 2092 3688 2141 libamine

2188 2162 2285 2212 Ch.
2329 2163 2394 2212 92
2483 2161 2652 2214 έουσα
2703 2159 2870 2212 τόνδε
2923 2159 3170 2211 πέλανον
3228 2157 3287 2208 ὲν
3341 2158 3533 2224 τύμβῳ
3591 2175 3689 2211 πα-

2186 2229 2335 2294 τρός.
2372 2225 2393 2292 Π
2425 2177 2487 2279 ὦ
2523 2226 2667 2293 quod
2702 2231 3005 2280 concretum
3042 2229 3118 2278 est
3161 2225 3250 2290 (τὸ
3288 2226 3590 2290 πεπηγός),
3628 2225 3690 2278 Ιί-

2187 2308 2323 2362 quor
2364 2295 2585 2362 spissus.
2656 2299 2807 2348 Eum.
2852 2298 2950 2346 265
2995 2295 3059 2344 de
3109 2296 3371 2358 sanguine
3408 2295 3517 2346 άπὸ
3554 2297 3691 2346 ζῶν-

629 2360 1036 2426 'sheognostum
1100 2364 1229 2415 Can.
1285 2381 1334 2429 p.
1395 2367 1524 2427 101,
1583 2367 1650 2414 2-1
1702 2363 1865 2428 πειρά
1918 2365 2131 2414 restitui
2185 2378 2281 2424 τος
2300 2364 2501 2428 ῥοφεῖν
2528 2361 2765 2428 ἐρυθρὸν
2792 2361 2854 2415 ἐκ
2884 2361 3103 2426 μελέων
3123 2361 3386 2413 πέλανον.
3423 2365 3691 2413 Pers.81‹‘›

629 2428 814 2477 voluit.

631 2495 992 2559 BlomiielduS,
1037 2500 1176 2564 quod
1222 2515 1319 2565 pro
1356 2502 1542 2563 πεῖραι
1578 2498 1848 2550 κοπάνων
1883 2498 2131 2562 μιανθέν-

628 2577 746 2611 των
802 2564 1000 2614 dictum
1053 2571 1151 2628 sit,
1206 2574 1267 2616 ut
1317 2565 1416 2631 Ag.
1471 2569 1567 2618 148
1612 2564 1897 2628 ἐκπατίοις
1941 2566 2132 2629 άλγεσι

631 2628 850 2681 παίδων
889 2650 981 2695 pro
1019 2633 1305 2686 ἑκπατίων
1341 2634 1535 2695 ἄλγεσι
1572 2632 1807 2686 παίδων.
1876 2633 1982 2686 Sed
2018 2639 2132 2687 πεῑ-

631 2712 715 2759 ραι
755 2700 982 2750 debilius
1019 2710 1102 2753 est
1144 2719 1300 2767 quam
1349 2702 1490 2767 quod
1525 2702 1651 2752 huic
1687 2702 1804 2753 loco
1843 2703 2133 2754 conveniat

631 2767 947 2817 vocabulum
973 2777 1027 2818 et
1054 2772 1228 2820 verbis
1264 2769 1490 2820 adiectis
1527 2769 1695 2820 multo
1733 2771 1911 2820 minus
1948 2777 2135 2836 aptum

631 2849 788 2946 {guam
845 2835 1025 2900 πειραί
1082 2853 1147 2887 ea
1199 2853 1305 2903 qua
1357 2838 1654 2888 scholiasta.
1708 2837 1916 2902 accepit
1968 2839 2136 2903 signi·

647 2913 898 2951 lcailone.

699 2970 1058 3033 πειράομαι
1105 2974 1278 3034 tentO,
1333 2983 1512 3024 conor.
1581 2971 1714 3023 Cum
1749 2974 2025 3038 genitivo,
2078 2980 2140 3025 ut

631 3037 772 3100 apud
820 3039 1109 3090 Homerum
1155 3039 1399 3106 aliosque
1435 3041 1491 3089 in
1527 3040 1684 3091 Thes.
1725 3040 1992 3092 indicatos
2030 3041 2134 3092 vol.

632 3108 661 3153 6
711 3121 759 3168 p.
816 3107 942 3164 675,
992 3109 1088 3174 Ag.
1139 3110 1260 3157 1401
1311 3106 1576 3172 πειρᾶσθέ
1623 3122 1729 3171 μου
1764 3108 2023 3170 γυναικὸς
2061 3107 2137 3168 ὡς

632 3170 1009 3234 ἀφράσμονος.
1095 3178 1221 3226 1663
1266 3172 1529 3237 δαίμονος
1573 3174 1968 3239 πειρωμένους.
2043 3176 2138 3227 Ch.

633 3243 730 3289 513
776 3241 1029 3304 δαίμονος
1075 3241 1434 3306 πειρώμενος.
1505 3242 1631 3294 Sine
1679 3258 1811 3293 casu
1857 3244 2000 3310 Sept.
2040 3247 2135 3296 231

634 3308 840 3359 θεοῖσιν
876 3309 1052 3372 έρδειν
1092 3308 1375 3373 πολεμίων
1411 3308 1805 3375 πειρωμένων,
1857 3312 1890 3361 i.
1933 3328 1980 3364 e.
2016 3311 2140 3361 dum

635 3376 818 3426 hostes
865 3379 1050 3427 urbem
1099 3379 1358 3432 obsident.
1429 3377 1563 3428 Cum
1610 3375 1879 3429 infinitivo
1917 3379 2004 3433 Ρι·.
2042 3382 2139 3430 325

636 3443 980 3507 πειράσομαι,
1018 3444 1117 3496 ἑὰν
1153 3445 1427 3510 δύνωμαι,
1473 3444 1657 3496 τῶνδέ
1693 3445 1746 3496 σ·
1782 3447 2007 3499 έκλῡσαι
2044 3445 2139 3497 πό·

636 3526 772 3573 νων,
808 3513 912 3561 nisi
938 3514 1154 3563 sublato
1179 3519 1305 3564 ante
1341 3519 1396 3563 et
1433 3519 1558 3578 post
1592 3512 1841 3578 δύνωμαι
1879 3521 2141 3564 commate

637 3578 964 3641 πειράσομαι
1001 3598 1119 3631 cum
1155 3579 1253 3631 έάν
1288 3582 1720 3643 construendum,
1760 3588 1821 3633 ut
1854 3581 1994 3647 apud
2021 3581 2139 3632 Pla-

636 3656 810 3696 tonem
853 3649 982 3711 ch.
1033 3652 1056 3698 1
1103 3666 1152 3714 p.
1189 3650 1287 3699 638
1329 3647 1672 3712 πειρώμενος
1717 3648 1786 3700 ἂν
1822 3649 1928 3713 ἄρα
1964 3649 2140 3701 δύνω-

636 3729 725 3776 μαι
753 3742 814 3750 —-
840 3715 1063 3778 δηλοῦν.
1137 3718 1279 3766 Pers.
1311 3720 1409 3767 850
1453 3715 1811 3770 ὑπαντιάζειν
1848 3714 1998 3769 παιδί
2036 3731 2140 3778 μου

638 3781 977 3845 πειράσομαι.
1064 3784 1163 3848 Ag.
1214 3786 1314 3835 850
1368 3783 1782 3847 πειρασόμεσθα
1834 3786 1969 3848 πῆμ’
2003 3783 2140 3836 ἀπο-

1199 3853 1334 3902 ·1638
1393 3850 1725 3915 πειράσομαι
1794 3852 1982 3917 ἄρχειν
2041 3866 2140 3905 πο-

636 3920 823 3966 λιτῶν.

705 3983 1139 4050 πεισίβροτος
1191 3983 1499 4038 hominibus
1547 3984 1916 4039 obedientiam
1967 3985 2140 4052 impo-

637 4067 782 4104 nens.
857 4053 951 4103 Ch.
998 4056 1094 4104 357
1144 4052 1375 4117 μόριμον
1420 4052 1589 4119 λάχος
1626 4054 1909 4120 περαίνων
1954 4060 2140 4120 χεροῖν

639 4121 969 4185 πεισιβρότῳ
998 4135 1059 4171 τε
1088 4120 1327 4186 βάκτρῳ.
1375 4123 1467 4174 Sic
1494 4124 1819 4175 Schuetzius
1841 4140 1935 4188 pro
1961 4123 2140 4188 πισίμ-

637 4188 840 4252 βροτόν
877 4204 939 4239 τε
979 4187 1234 4251 βάκτρον.

704 4261 948 4319 πεῖσμα
1005 4254 1370 4307 retinaeulum
1415 4256 1589 4309 navis.
1662 4259 1809 4309 Pers.
1855 4251 1949 4311 11“3
1984 4257 2139 4312 πίσυ-

636 4339 719 4374 νοι
758 4323 1122 4386 λεπτοδόμοις
1160 4323 1441 4387 πείσμασι.
1515 4327 1614 4391 Ag.
1659 4330 1751 4377 195
1787 4329 1956 4378 πνοαὶ
1991 4330 2141 4379 νεῶν

636 4407 696 4442 τε
735 4393 821 4442 καὶ
858 4394 1185 4450 πεισμάτων
1221 4391 1478 4456 ἀφειδεῖς.
1551 4393 1740 4459 Suppl.
1780 4398 1878 4446 765
1917 4394 2142 4458 πεισμά-

637 4475 755 4510 των
792 4458 1061 4523 σωτηρία.
1133 4463 1193 4510 lu
1231 4462 1282 4510 Μ
1322 4459 1619 4523 πισμάτων
1656 4461 1956 4526 σωτηρίου.
2015 4465 2141 4513 Cor-

639 4536 833 4578 rcctuin
889 4545 956 4577 cx
1009 4528 1178 4579 schol.
1238 4529 1329 4593 qui
1380 4530 1667 4579 annotavit
1708 4527 1833 4580 ἀντὶ
1878 4532 1980 4582 τοῦ
2029 4529 2141 4581 πεί·-

921 2431 1128 2481 Panwii
1200 2432 1563 2482 coniecturam
1629 2435 1812 2495 πεῖραι
1881 2433 2132 2497 probavit
2185 2431 2355 2493 τόσος
2388 2431 2493 2496 γὰρ
2517 2431 2665 2484 ἔσται
2708 2430 2949 2491 πέλανος
2991 2428 3419 2494 αἱματοσταγὴς.

3502 2434 3590 2493 Ag.
3627 2433 3691 2480 96

2187 2498 2630 2564 φαρμασσομένη
2657 2500 2916 2563 χρίματος
2941 2496 3114 2559 ἁγνοῦ
3143 2499 3409 2560 μαλακαῖς
3446 2496 3691 2549 ἀδόλοισι
3794 2534 3805 2544 .

2187 2566 2563 2632 παρηγορίαις,
2590 2565 2818 2632 πελάνῳ
2848 2565 3091 2629 μυχόθεν
3116 2565 3392 2628 βασιλείῳ.
3453 2566 3693 2626 πέλανος

2191 2639 2245 2686 in
2283 2638 2591 2701 quorumvis
2628 2636 2952 2699 scriptorum
3000 2633 3268 2684 codicibus
3308 2643 3691 2698 proparoxyto-

2190 2719 2314 2754 num
2347 2711 2459 2768 est,
2502 2711 2565 2755 ut
2598 2703 2777 2754 videre
2822 2704 2946 2753 licet
2993 2703 3049 2752 in
3086 2701 3246 2750 Thes.
3281 2702 3385 2750 vol.
3424 2705 3455 2750 6
3492 2719 3541 2766 p.
3578 2704 3691 2751 689.

2190 2773 2429 2834 Rectum,
2465 2778 2525 2822 ut
2558 2772 2790 2833 videtur,
2824 2776 3126 2830 accentum,
3166 2769 3403 2829 πελανός
3441 2777 3691 2819 constan·

2192 2845 2272 2889 ter
2306 2841 2543 2890 servavit
2587 2839 2670 2901 M,
2717 2837 2967 2890 πελανόν
3016 2835 3260 2897 πελανός
3296 2838 3523 2900 πελανῷ
3562 2838 3694 2887 locis

2195 2923 2357 2972 supra
2401 2907 2611 2968 allatis,
2658 2908 2766 2956 nisi
2812 2907 2953 2971 quod
2999 2906 3056 2954 in
3089 2903 3324 2966 duobus,
3380 2905 3577 2970 duplex
3613 2910 3694 2953 cst

2191 2980 2450 3025 accentus
2494 2972 2737 3034 πέλανός
2775 2975 2921 3027 Pers.
2967 2975 3065 3024 816
3101 2979 3154 3020 et
3187 2972 3431 3025 πέλανόν
3469 2974 3536 3022 ib.
3575 2975 3690 3022 524.

2194 3042 2487 3093 Confirmat
2522 3042 2858 3092 Herodianus
2903 3039 3043 3105 apud
3077 3037 3361 3091 Arcadium
3398 3057 3446 3104 p.
3485 3043 3576 3103 64,
3618 3044 3693 3099 13,

2192 3111 2285 3160 ubi
2322 3110 2389 3159 de
2424 3110 2727 3161 nominibus
2764 3110 2820 3158 in
2856 3123 2989 3168 ανος
3025 3110 3331 3158 terminatis
3362 3110 3496 3171 agit,
3532 3121 3694 3172 σεση-

2194 3174 2423 3240 μείωται
2458 3176 2526 3229 τὸ
2555 3175 2812 3237 πελανός.
2850 3177 3149 3239 Utrumque
3187 3182 3468 3226 accentum
3505 3191 3693 3226 memo-

2194 3251 2275 3296 rat
2322 3245 2641 3296 Eustathius
2694 3261 2745 3309 p.
2798 3246 2952 3306 1601,
2999 3248 3031 3293 4
3077 3242 3290 3295 θυσιῶν
3325 3241 3387 3305 ἃς
3422 3241 3696 3305 πελάνους

2194 3310 2340 3373 τινές
2377 3325 2548 3375 φασιν
2582 3311 2617 3375 ἢ
2655 3312 2745 3364 καί
2780 3310 3063 3371 ὀξυτόνως
3098 3311 3392 3372 πελανούς.

2261 3379 2471 3441 πέλας
2505 3391 2693 3445 prope.
2764 3380 2854 3432 Pr.
2902 3383 2999 3431 125
3043 3375 3096 3429 τί
3138 3380 3266 3430 ποτ’
3301 3378 3369 3430 αὖ
3408 3378 3698 3441 κινάθισμα

2196 3446 2347 3498 κλύω
2369 3446 2539 3508 πέλας
2565 3447 2818 3506 οἰωνῶνς
2859 3450 2955 3498 798
2982 3445 3155 3507 πέλας
3180 3447 3230 3497 δ’
3254 3448 3488 3511 ἀδελφαὶ
3515 3449 3696 3499 τῶνδε

2193 3514 2360 3578 τρεῖς.
2432 3517 2577 3579 Sept.
2602 3518 2700 3567 636
2736 3515 2961 3566 κτανὼν
2997 3515 3186 3568 θανεῖν
3222 3516 3412 3576 πέλας.
3483 3519 3579 3567 669
3617 3515 3692 3566 οῖ·

2196 3581 2289 3645 μαί
2324 3597 2413 3634 νιν
2447 3581 2603 3648 αύτῷ
2640 3584 2744 3633 νῦν
2791 3587 3172 3646 παραστατεῖν
3210 3583 3397 3643 πέλας.
3469 3585 3563 3633 Ch.
3598 3586 3697 3634 883

2195 3649 2341 3703 ἔοικε
2380 3652 2482 3702 νῦν
2536 3649 2710 3714 αὐτῆς
2745 3648 2834 3702 ἐπὶ
2878 3651 3044 3714 ξυροῦ
3094 3650 3263 3712 πέλας
3301 3650 3478 3713 αὐχὴν
3516 3654 3697 3703 πεσεῖ-

2194 3720 2338 3772 σθαι.
2426 3717 2576 3770 Eum.
2630 3720 2727 3768 663
2787 3716 2958 3779 πέλας
3016 3716 3224 3783 μάρτυς
3283 3717 3514 3781 πάρεστι
3570 3722 3698 3779 παῖς

2196 3784 2501 3849 Ὀλυμπίου
2524 3786 2676 3846 Διός.
2746 3784 2931 3850 Suppl.
2956 3789 3017 3836 57
3045 3783 3093 3837 εἰ
3128 3786 3189 3837 δὲ
3226 3791 3375 3849 κυρεῖ
3412 3801 3492 3847 τις
3527 3786 3699 3847 πέλας

2195 3851 2583 3908 οἰωνοπόλων.
2637 3856 2736 3905 895
2762 3856 2931 3920 μαιμᾷ
2967 3851 3140 3914 πέλας
3175 3853 3370 3914 δίπους
3408 3854 3551 3918 ὄφις.
3610 3857 3695 3904 Fr.

2193 3924 2257 3971 84
2283 3921 2454 3984 δόμον
2480 3920 2794 3985 Ἀρτέμιδος
2817 3920 2991 3982 πέλας
3026 3919 3214 3982 οἴγειν.
3240 3920 3259 3986 ΙΙ
3287 3921 3416 3971 Cum
3443 3924 3696 3986 genitivo.

2195 3990 2281 4039 Pr.
2324 3993 2421 4039 422
2460 3987 2749 4041 Καυκάσου
2777 3988 2965 4050 πέλας.
3036 3991 3182 4054 Sept.
3228 3992 3326 4039 974
3380 4006 3535 4039 versu
3584 4007 3697 4040 cor·

2193 4065 2350 4122 rupto
2404 4056 2575 4118 πέλας
2627 4056 2676 4108 δ’
2728 4055 2836 4108 αἵδ’
2879 4055 3115 4120 ἀδελφαὶ
3169 4055 3478 4120 ἀδελφεῶν.
3553 4059 3693 4108 Pers.

2194 4127 2292 4176 681
2328 4123 2512 4188 τάφου
2549 4124 2737 4186 πέλας.
2809 4126 2907 4191 Ag.
2948 4127 3047 4176 210
3084 4126 3274 4187 βωμοῦ
3303 4124 3497 4185 πέλας.
3572 4129 3698 4176 1038

2195 4195 2499 4244 σταθεῖσαν
2535 4191 2768 4258 κτησίου
2795 4193 2985 4256 βωμοῦ
3025 4192 3214 4253 πέλας.
3296 4195 3417 4242 1671
3444 4192 3697 4258 ἀλέκτωρ

2196 4260 2343 4312 ὥστε
2380 4259 2604 4325 θηλείας
2640 4260 2825 4321 πέλας.
2900 4263 3053 4311 Ειιιιι.
3078 4265 3179 4311 440
3215 4258 3398 4320 ἑστίας
3435 4260 3567 4324 ἐμῆς
3605 4261 3698 4312 πέ-

2196 4330 2311 4389 λας.
2382 4329 2571 4393 Suppl.
2596 4333 2692 4380 257
2718 4327 2989 4381 Παιόνων
3024 4328 3215 4388 πέλας.
3287 4331 3384 4378 308
3410 4327 3461 4379 οἱ
3500 4327 3698 4380 Νείλου

2196 4396 2385 4456 πέλας.
2459 4398 2547 4446 Sic
2583 4398 2869 4447 Turnebus
2905 4413 3001 4462 pro
3039 4396 3227 4457 πέδας.
3270 4394 3289 4461 ΙΙ
3331 4396 3463 4445 Cum
3498 4397 3696 4447 dative.

2198 4463 2383 4530 Suppl.
2440 4466 2538 4516 208
2583 4463 2795 4527 θέλοιμ’
2844 4463 2916 4514 ἂν
2967 4464 3073 4529 ἤδη
3122 4464 3211 4516 σοὶ
3259 4464 3430 4523 πέλας
3468 4464 3700 4528 θρόνους

2197 4531 2359 4593 ἔχειν.
2428 4531 2511 4583 Ρι·.
2555 4534 2647 4582 101
2686 4530 3007 4596 ἀμφωτίδες
3043 4548 3129 4583 τοι
3163 4535 3281 4593 τοῖς
3317 4531 3567 4592 ένωτίοις
3606 4534 3698 4584 πέ-

637 4609 818 4659 σματα
852 4596 1120 4659 σωτι”,ρια.
1193 4597 1533 4647 Probabilius
1571 4602 1654 4647 est
1687 4595 1966 4661 σωτηρία,
2006 4599 2146 4663 quod
2197 4601 2312 4661 λας.
2340 4598 2359 4664 fl
2386 4597 2520 4650 Cum
2555 4600 2785 4650 articulo
2820 4599 2852 4651 ὁ
2888 4600 3061 4661 πέλας
3104 4598 3318 4652 vicinus
3364 4611 3417 4651 et
3454 4601 3698 4665 frequen-

639 4666 879 4714 rcstituit
914 4665 1215 4713 Turnebus.

706 4730 1027 4791 πελάγιος
1081 4729 1179 4795 qui
1233 4728 1293 4780 in
1342 4729 1454 4783 alto
1505 4731 1685 4796 (mari)
1732 4735 1833 4794 est,
1878 4731 2145 4785 mari-nus.
2200 4735 2383 4790 ficans.
2453 4735 2534 4785 De
2569 4741 2794 4801 utroque
2837 4751 2887 4786 v,
2924 4735 3080 4786 Thes.
3118 4736 3222 4785 vol.
3257 4738 3287 4784 6

2200 4669 2307 4717 tius
2332 4682 2550 4718 numero
2577 4667 2775 4733 plurali
2798 4653 3048 4728 omo}
3083 4666 3222 4719 alios
3256 4666 3504 4785 Ῐιοηιίιέῧιι1
3534 4670 3697 4783 131ιῖιί-

3326 4753 3374 4799 p.
3516 4773 3525 4782 .
3647 4753 3699 4782 e-

641 4802 786 4849 Mare
817 4802 988 4863 ipsum
1030 4800 1106 4848 sic
1141 4798 1280 4848 dixit
1318 4800 1458 4854 Pers.
1480 4802 1579 4850 427
1616 4805 1836 4865 κατεῖχε
1872 4800 2145 4864 πελαγίαν
2198 4802 2419 4868 schylus
2476 4802 2589 4854 solo
2645 4817 2773 4853 usus
2835 4807 2919 4852 est
2964 4803 3189 4867 plurali,
3245 4800 3296 4853 οἱ
3351 4802 3536 4862 πέλας.
3610 4803 3694 4852 Ρι·.

636 4867 758 4918 ἅλα.
827 4870 922 4916 467
977 4865 1099 4928 ἄγχι
1153 4863 1419 4928 πελαγίας
1470 4865 1637 4931 ἁλός,
1694 4873 1752 4919 ut
1805 4868 2050 4920 Dioscor.
2088 4872 2139 4935 5,
2200 4873 2299 4922 335
2350 4869 2595 4932 ἀμείνων
2637 4867 2772 4930 τοὺς
2819 4868 2991 4930 πέλας
3035 4871 3282 4933 φρενοῦν
3317 4868 3470 4931 ἔφυς.
3546 4872 3697 4920 lium.
3749 4903 3753 4907 -

646 4940 702 4986 15
740 4935 1016 4998 θαλάττης
1056 4933 1339 4994 πελαγίας.

707 5003 1000 5062 πέλαγος
1051 4999 1222 5051 altu-m
1280 5002 1493 5064 (mare),
1552 5014 1768 5068 aequor.

2195 4941 2295 4989 413
2330 4936 2513 4998 λέγειν
2547 4937 2596 4987 δ’
2630 4936 2888 5000 ἄμορφον
2934 4936 3075 4987 ὄντα
3119 4937 3249 4995 τοὺς
3287 4937 3458 4996 πέλας
3498 4940 3697 4997 κακῶς.

1857 5005 2008 5057 Pers.
2046 5006 2145 5056 868
2195 5007 2294 5056 504
2328 5004 2399 5056 τά
2433 5007 2551 5056 τῶν
2586 5003 2758 5065 πέλας
2792 5002 2950 5056 κακά.
3020 5005 3206 5068 Suppl.
3242 5005 3340 5054 373
3375 5008 3489 5065 τοῖς
3530 5004 3700 5066 πέλας

637 5068 979 5135 Στρυμονίου
1026 5068 1304 5131 πελάγους
1352 5068 1679 5135 Ἀχελωῑδες
1723 5069 1829 5123 εἰσὶ
1872 5069 2145 5137 πάροικοι.
2199 5072 2560 5136 προσήμενοι.

637 5141 736 5204 Ag.
778 5143 875 5188 659
913 5136 1152 5198 πέλαγος
1206 5135 1449 5199 Αἰγαῖον.
1527 5140 1824 5204 Improprie
1875 5140 1938 5189 de
1973 5156 2034 5191 eo
2071 5140 2146 5190 di-

2267 5137 2617 5200 Πελασγία
2651 5137 2931 5206 Pelasyia,
2970 5155 3244 5189 commune
3282 5139 3524 5204 pluribus
3564 5157 3699 5205 quas

638 5209 779 5256 citur
816 5206 953 5269 quod
998 5207 1311 5254 immensum
1360 5212 1476 5267 est,
1523 5209 1665 5258 unde
1707 5208 2015 5270 Hesychius
2051 5224 2146 5273 per
2200 5208 2413 5274 Pelasgi
2446 5209 2757 5259 habitarunt
2792 5209 3104 5270 regionibus
3139 5223 3361 5264 nomen,
3408 5207 3470 5256 dc
3507 5225 3612 5271 quo
3652 5226 3698 5259 v.

638 5274 895 5338 μέγεθος,
934 5273 1146 5334 πλῆθος
1190 5273 1441 5338 explicat.
1511 5275 1596 5325 Pr.
1644 5278 1740 5326 746
1785 5273 2147 5340 δυσχείμερόν
2199 5276 2357 5327 Thes.
2395 5276 2501 5327 vol.
2536 5279 2568 5326 6

636 5357 701 5404 γε
755 5341 996 5401 πέλαγος
1041 5339 1249 5404 ἀτηρᾶς
1302 5339 1449 5405 δύης.
1539 5342 1724 5408 Suppl.
1770 5346 1871 5394 470
1915 5342 2053 5407 άτης
2097 5342 2148 5398 δ’,
2196 5357 2303 5397 ται.
2374 5343 2558 5411 Suppl.
2610 5346 2709 5395 634
2760 5340 2927 5394 τάνδε
2985 5341 3326 5403 Πελασγίαν.

2603 5293 2654 5341 p.
2691 5279 2804 5327 692.
2875 5276 2960 5328 Ρι·.
2997 5278 3095 5325 860
3131 5272 3420 5335 Πελασγία
3456 5275 3516 5327 δέ
3554 5274 3696 5327 δέξε·

3414 5342 3503 5392 Sic
3560 5351 3701 5394 recte

637 5410 883 5473 ἄβυσσον
941 5407 1177 5469 πέλαγος
1231 5406 1297 5459 ού
1344 5407 1471 5468 μάλ’
1514 5409 1778 5473 εὔπορον.
1865 5412 2011 5461 Pers.
2045 5415 2144 5463 433
2198 5411 2535 5464 Hermannus
2579 5427 2676 5477 pro
2709 5409 2817 5462 τάν
2852 5409 3173 5470 Πελασγίαν
3219 5409 3401 5471 πόλιν,
3442 5412 3580 5475 quod
3618 5420 3701 5462 est

639 5481 829 5530 κακῶν
867 5477 932 5536 δὴ
973 5475 1215 5537 πέλαγος
1250 5475 1496 5539 ἔρρωγεν
1533 5476 1688 5540 μέγα.

2198 5482 2253 5529 in
2305 5481 2360 5530 M
2421 5480 2576 5530 illato
2628 5478 2978 5544 glossemate,
3032 5477 3173 5541 quod
3216 5479 3703 5543 suppeditaverant

706 5544 1039 5605 Πελάγων
1091 5541 1364 5610 Ρεῖαροπ,
1410 5561 1460 5599 ιι.
1509 5562 1583 5610 pr.
1629 5547 1918 5597 Persicum.
1999 5547 2144 5603 Pers.
2195 5563 2385 5600 versun
2430 5551 2528 5600 912
2571 5554 2624 5598 et
2675 5549 2827 5606 1024,
2877 5547 2970 5595 ubi
3014 5543 3192 5608 χθόνα
3234 5553 3288 5595 et
3324 5545 3490 5596 πόλιν
3531 5545 3702 5610 τήνδε

638 5616 978 5733 95ῗτελάζω
1015 5677 1413 5745 appropinquo.
1483 5681 1571 5733 Pr.
1608 5684 1704 5732 712
1742 5680 1826 5742 οἶς
1863 5682 1935 5746 μὴ
1975 5681 2144 5734 πελά-

2196 5615 2513 5678 Πελασγῶν
2548 5615 2643 5679 (Ar
2684 5615 2765 5678 os)
2802 5613 3019 5679 legitur.

2263 5680 2607 5743 Πελασγοί
2697 5679 2881 5750 elasqi.
2953 5680 3141 5745 Suppl.
3166 5683 3264 5732 253
3300 5680 3460 5741 γένος
3485 5679 3699 5732 Πελασ-

635 5751 769 5802 ζειν.
839 5752 937 5801 807
988 5746 1211 5809 τούτοις
1261 5749 1331 5799 σὺ
1387 5748 1461 5813 μὴ
1514 5749 1733 5802 πέλαζε.
1812 5749 1997 5818 Suppl.
2048 5753 2146 5802 300
2194 5752 2333 5814 γῶν.
2407 5755 2504 5804 327
2539 5751 2637 5801 616
2674 5749 2809 5805 άναξ
2845 5750 3181 5810 Πελασγῶν.
3251 5751 3349 5800 318
3384 5748 3703 5810 Πελασγῶν

3726 1577 3886 1657 η’)(ιθ
3938 1610 4030 1635 (Μ

3790 1667 3873 1720 Δ».
3912 1671 3941 1710 1<
3974 1669 4026 1705 ᾡ-

2190 1756 2278 1805 El.
2334 1755 2481 1819 1293)
2538 1762 2594 1805 et
2643 1754 3057 1818 Aristophanem
3101 1754 3363 1816 tragicum
3402 1768 3688 1802 sermonem
3766 1738 4005 1815 sssf-72⁸

2186 1823 2459 1873 imitatum
2499 1823 2713 1873 Thesm.
2758 1824 2838 1872 58.
2885 1819 2906 1886 ΙΙ
2954 1821 3076 1871 Alia
3113 1821 3330 1886 poetica
3384 1819 3555 1869 forma.
3610 1826 3688 1869 est
3732 1815 4030 1874 isa->loa
