4300 6317
1794 913 2150 981 παραπατάω
2186 887 2321 950 .—‘
2364 912 2585 979 πάρειμι
3589 906 3711 970 273

2996 1017 3037 1022 ..-
3054 1015 3449 1023 --———-.—.-—-

710 1069 1138 1134 παραπατάω
1186 1067 1475 1133 defraudo,
1542 1071 1697 1124 Eum.
1735 1071 1834 1121 728
1870 1066 2009 1134 οἴνῳ
2045 1080 2148 1119 πα·
2271 1066 2647 1133 παρβαίνω.
2682 1066 2747 1123 V.
2783 1064 3129 1131 παραβαίνω.

615 1139 626 1188 .“
645 1136 974 1201 ρηπάτησας
1007 1135 1237 1201 ἀρχαίας
1272 1138 1416 1198 θεάς.
1655 1142 1660 1146 “
1711 1151 1720 1160 ’
1799 1167 1804 1172 -
1875 1160 1916 1168 --
1985 1157 1990 1164 ·
2273 1135 2615 1199 παρβασία
2649 1132 3023 1200 tramyreseio.
3097 1133 3243 1198 Sept.
3267 1135 3367 1183 743
3404 1134 3711 1193 παλαιγενῆ

613 1209 618 1213 ’
712 1204 1136 1269 παράρρυσις
1170 1208 1363 1259 storea.
1435 1205 1620 1270 Suppl.
1646 1208 1744 1256 715
1781 1202 2152 1268 παραρρύσεις
2205 1201 2309 1267 γὰρ
2347 1203 2495 1264 λέγω
2545 1200 2859 1266 παρβασίαν
2904 1199 3241 1253 ὠκύποινον.
3312 1201 3402 1249 Sic
3439 1201 3712 1250 Personus

645 1272 805 1332 νεώς.
877 1274 995 1322 Non
1017 1273 1216 1336 legitur
1252 1274 1412 1324 alibi=
1450 1276 1715 1324 usitatum
1751 1281 1838 1323 est
1873 1269 2152 1336 παράρρυ-
2208 1288 2303 1336 pro
2340 1269 2722 1335 παραβασίαν,
2758 1271 2896 1334 quod
2931 1272 2988 1320 in
3022 1283 3207 1334 apogr.
3245 1268 3486 1331 pluribus
3524 1281 3713 1329 παραι-

649 1355 737 1403 μα,
773 1340 836 1389 de
873 1355 979 1404 quo
1017 1356 1064 1389 v.
1103 1340 1257 1392 Thes.
1294 1342 1401 1391 vol.
1438 1345 1470 1392 6
1507 1358 1556 1406 p.
1592 1343 1705 1391 373.
2209 1335 2404 1401 βασίαν
2429 1341 2689 1404 seriptum
2726 1345 2830 1401 est,
2868 1353 2976 1404 qua
3012 1339 3183 1388 forma
3206 1337 3475 1386 Hesiodus
3514 1337 3715 1399 aliique

723 1406 1148 1472 [παρασαίνω
1201 1405 1487 1459 demulceo.
1571 1408 1716 1462 Pers.
1752 1409 1817 1458 98
1852 1406 2155 1470 δολόμητιν
2207 1409 2295 1457 usi
2330 1412 2472 1460 sunt.

647 1474 695 1525 δ’
730 1475 951 1526 ἀπάταν
987 1476 1120 1528 θεοῦ
1164 1474 1250 1535 τίς
1286 1475 1427 1540 ἀνὴρ
1477 1475 1683 1536 θνατὸς
1718 1473 1928 1536 ἀλύξεις
1967 1500 2028 1509 -
2066 1488 2155 1536 φι·
2276 1489 2362 1525 πα
2419 1474 2623 1539 βάτης
2674 1473 2790 1540 (per
2834 1489 3109 1538 syncopen
3154 1473 3356 1522 dictum
3402 1489 3496 1537 pro
3544 1484 3716 1534 παρα-

648 1542 881 1606 λόφρων
905 1542 1012 1606 γὰρ
1038 1541 1364 1607 παρασαίνει
1400 1543 1607 1606 βροτὸν
1641 1539 1721 1604 είς
1756 1543 1961 1606 ἄρκυας
1994 1540 2153 1592 Ἀτα.
2210 1541 2377 1606 βάτης
2451 1545 2845 1608 τνα-ιιερνεεεον,
2896 1539 3130 1592 violator
3181 1538 3327 1605 leyis.
3413 1541 3564 1588 Eum.
3619 1541 3716 1587 553

652 1609 742 1659 Sic
789 1609 1056 1660 Seidlerus
1104 1611 1406 1660 emendavit
1452 1610 1594 1675 quod
1639 1611 1695 1660 in
1732 1612 1784 1659 M
1822 1610 2026 1674 legitur
2071 1623 2156 1671 φι·
2207 1610 2313 1659 τὸν
2350 1607 2688 1672 ἀντίτολμον
2723 1609 2781 1659 δέ
2836 1623 2976 1671 φαμι
3011 1607 3298 1672 παρβάταν
3337 1641 3398 1648 -
3437 1605 3715 1669 καθήσειν,

650 1677 886 1741 λόφρων
921 1676 1026 1740 γάρ
1074 1676 1345 1729 σαίνουσα
1390 1677 1460 1729 τό
1496 1679 1727 1741 πρῶτον
1763 1678 1996 1741 παράγει
2033 1623 2352 1746 βρο-ιᾳιιοᾶ
2406 1693 2506 1742 ρει·
2558 1676 2987 1741 παραβεβηκότα
3050 1692 3170 1741 exp.
3226 1676 3542 1725 scholiasta.
3631 1672 3720 1723 Sic

651 1745 756 1796 τόν
793 1742 870 1805 εἰς
907 1778 997 1807 --,
1033 1746 1098 1795 de
1136 1762 1241 1811 quo
1278 1762 1325 1797 s.
1357 1762 1406 1795 v.
1437 1744 1769 1808 προσσαίνω
1805 1740 2066 1810 dicetur]
2180 1747 2547 1808 {Hermannns
2582 1761 2679 1810 pro
2715 1742 3079 1808 περαιβάδαν,
3128 1744 3269 1808 quod
3326 1745 3380 1792 in
3416 1743 3470 1790 M
3506 1742 3716 1804 legitur,

719 1813 1128 1876 παράσημος
1171 1811 1310 1864 ntale
1343 1816 1582 1864 notatus.
1653 1815 1751 1878 Ag.
1791 1814 1888 1863 780
1922 1810 2156 1872 δύναμιν
2181 1815 2188 1854 Ι
2209 1813 2266 1862 in
2294 1829 2478 1878 apogr.
2506 1812 2648 1867 Flor.
2685 1814 2742 1862 in
2777 1813 3085 1875 παρβάταν,
3125 1812 3193 1861 ab
3223 1811 3483 1860 Triclinio
3504 1813 3557 1858 in
3583 1823 3718 1872 παρ-

653 1878 720 1930 ού
756 1880 997 1942 σέβουσα
1035 1880 1282 1930 πλούτου
1320 1881 1654 1945 παράσημον
1689 1881 1851 1944 αἴνῳ.
2211 1879 2384 1940 βάδαν
2402 1887 2664 1930 mutatum
2679 1887 2781 1944 est,
2801 1883 3057 1944 seriptum
3084 1879 3241 1943 quasi
3258 1878 3391 1927 haec
3417 1879 3620 1927 Dorica
3647 1880 3720 1926 sit

719 1946 1328 2011 παρασκευάζομαι
1360 1946 1498 1997 mihi
1520 1960 1682 2014 paro.
1751 1949 1841 1997 Pr.
1883 1950 1981 1998 920
1998 1948 2158 1996 τοῖον
2210 1947 2450 1998 adverbii
2504 1949 2675 1998 forma
2720 1955 2782 1999 nt
2824 1946 3121 2012 διαρρύδαν
3158 1947 3256 1995 Ch.
3293 1949 3375 1998 67.
3446 1945 3719 1994 Meinekio

656 2016 970 2079 παλαιστὴν
1006 2017 1108 2065 νον
1143 2015 1617 2079 παρασκευάζεται
1651 2014 1744 2066 ἐπ’
1776 2013 1948 2076 αὐτὸς
1982 2013 2158 2075 αὑτῷ.
2210 2017 2269 2065 in
2324 2015 2516 2065 Philol.
2570 2017 2676 2067 vol.
2731 2019 2793 2066 19
2845 2032 2895 2082 p.
2954 2017 3052 2064 225
3106 2013 3332 2077 βαρίβαν
3386 2013 3721 2063 scribendum

656 2081 673 2145 [ξ
707 2081 930 2148 αοείηρο
963 2096 1060 2133 me.
1128 2086 1228 2148 Ag.
1263 2087 1362 2134 353
1397 2083 1558 2143 θεοὺς
1594 2086 1922 2146 προσειπεῖν
1958 2079 2020 2132 εὖ
2055 2095 2157 2132 πα·
2211 2083 2523 2146 videbatur,
2558 2084 2701 2148 quod
2734 2098 2843 2134 non
2879 2084 2952 2133 eit
2986 2082 3317 2145 subiectum,
3365 2082 3452 2132 sed
3492 2083 3546 2130 in
3582 2097 3720 2129 com-

655 2151 1071 2213 ρασκευάζομαι.
1145 2150 1661 2214 παρεσκευασμένος
1694 2148 2025 2212 instructae,
2054 2161 2158 2214 pa·
2212 2153 2494 2215 paratione
2539 2154 2777 2216 positum
2816 2167 2912 2217 pro
2955 2148 3032 2210 ὡς
3068 2149 3324 2212 βαρίβαν,
3370 2149 3434 2198 de
3474 2165 3578 2212 quo
3616 2164 3722 2196 non

655 2222 826 2270 ratus.
928 2220 1007 2268 Ch
1094 2221 1221 2268 1034
1276 2217 1799 2282 παρεσκευασμένος
1857 2217 1958 2269 ξὺν
2010 2216 2159 2281 τῷδε
2214 2219 2571 2282 cogitandum.
2640 2219 2838 2270 Verum
2881 2217 3027 2268 haud
3083 2218 3245 2267 dubie
3294 2222 3376 2266 est
3411 2215 3719 2279 παρβάταν,

657 2287 848 2350 θαλλῷ
887 2286 977 2337 καὶ
1014 2285 1209 2346 στέφει
1248 2284 1590 2349 προσίξομαι.
1663 2285 1810 2351 Sept.
1838 2288 1939 2336 440
1976 2282 2160 2335 Καπα-
2213 2291 2336 2348 aut,
2382 2287 2522 2351 quod
2558 2302 2654 2351 pro
2696 2289 2779 2338 ius
2814 2285 2886 2336 ad
2919 2286 3118 2336 codicis
3155 2286 3477 2349 scripturam
3514 2284 3723 2334 accedit

659 2353 787 2413 νεὺς
822 2352 1038 2404 ἀπειλεῖ
1072 2354 1186 2403 πᾶν
1216 2351 1740 2416 παρεσκευασμένος
1770 2359 1778 2413 ι
1807 2352 1962 2417 δρᾶν,
1999 2351 2162 2412 θεοὺς
2213 2351 2271 2404 δέ
2303 2353 2444 2417 φάμ’
2475 2354 2650 2418 ύπερβ
2692 2368 2814 2405 ταν.

660 2418 878 2473 ἀτίζων.
948 2423 1037 2469 Sic
1074 2423 1284 2471 correxi
1306 2437 1404 2485 pro
1431 2420 1648 2472 ἀπειλεῖ
1682 2420 1818 2485 δρᾶν
1853 2432 2161 2484 παρεσκευ·
2281 2421 2623 2485 παρβατός
2659 2421 2782 2488 (per
2806 2435 3084 2486 syncopen
3117 2436 3213 2486 pro
3251 2417 3590 2483 παραβατός)
3627 2417 3725 2483 qui

660 2486 930 2548 ασμὲνος,
1002 2487 1165 2547 θεοὺς
1220 2486 1446 2541 ἀτίζων.
1555 2485 1680 2556 [Ag.
1745 2491 1874 2539 1422
1948 2486 2164 2539 τοιαῦτ’
2213 2486 2446 2555 miyrari
2480 2506 2523 2541 s.
2555 2486 2811 2553 superari
2835 2491 3030 2553 potest.
3101 2488 3288 2554 Suppl.
3335 2492 3460 2539 1048
3485 2486 3619 2546 Διὸς
3654 2485 3722 2536 ού

659 2554 908 2606 ἀπειλεῖν
930 2553 1006 2616 ὡς
1030 2555 1570 2621 παρεσκευασμένης,
1589 2571 1752 2608 versu
1771 2557 1973 2621 spurio,
2004 2570 2161 2621 quem
2219 2556 2505 2620 παρβατός
2558 2555 2713 2609 ἑστιν
2766 2555 2980 2620 μεγάλα
3035 2555 3189 2620 φρὴν
3247 2553 3536 2618 ἀπέρατος.
3632 2553 3723 2604 Sic

664 2625 875 2672 notavit
912 2621 1199 2688 Engerus]
2218 2625 2501 2675 Askewius
2537 2640 2634 2691 pro
2672 2624 3014 2689 παραβάτας.

728 2689 1221 2754 παρασκηνόω,
1275 2692 1418 2754 quod
1467 2692 1685 2757 proprie
1727 2687 1951 2742 tentorii
1998 2688 2165 2741 iuxta
2283 2691 2529 2757 παρειά
2563 2705 2719 2758 gena.
2790 2693 2877 2741 Pr.
2902 2695 3002 2743 400
3020 2690 3254 2755 παρειὰν
3290 2689 3496 2749 νοτίοις
3531 2689 3725 2750 ἔτεγξα

665 2755 969 2808 collocandi
987 2757 1436 2821 significationem
1454 2758 1980 2824 habet,expandendi
1999 2758 2165 2822 signi·
2217 2763 2436 2821 παγαῖς.
2508 2758 2692 2826 Suppl.
2722 2763 2786 2810 70
2809 2758 3007 2811 δάπτω
3032 2758 3141 2811 τάν
3175 2759 3399 2810 ἁπαλὰν
3436 2759 3723 2821 νειλοθερῆ

662 2826 909 2876 ficatione
954 2826 1152 2875 dictum
1189 2826 1402 2877 videtur
1444 2827 1599 2878 Eum.
1634 2830 1732 2878 634
1767 2824 1904 2878 κάπὶ
1937 2825 2166 2888 τέρματι
2217 2826 2471 2892 παρειάν.

662 2894 840 2956 φᾶρος
902 2892 1342 2957 παρεσκήνωσεν
1387 2893 1839 2959 (Clytaemnestra
1890 2895 2165 2958 Agamem·
2286 2893 2563 2961 πάρειμι
2587 2893 2798 2946 adsum.
2855 2895 3072 2946 Dicitur
3095 2895 3158 2944 de
3183 2894 3488 2944 hominibus
3517 2896 3725 2958 pariter

664 2961 791 3009 noni
828 2963 882 3010 in
929 2960 1160 3023 balneo).
1229 2960 1321 3012 Sic
1355 2977 1420 3011 ex
1446 2977 1633 3027 apogr.
1673 2963 1846 3013 Flor.:
1883 2963 1940 3010 in
1977 2961 2030 3009 M
2069 2972 2163 3010 πε·
2218 2968 2272 3012 et
2325 2964 2485 3014 rebus
2537 2963 2942 3028 praesentibus,
2998 2963 3206 3013 adiecto
3242 2962 3507 3011 interdum
3542 2961 3722 3009 dativo

662 3027 1022 3092 ρέσκήνωσεν
1060 3028 1282 3093 (duplici
1319 3031 1588 3094 accentu),
1628 3030 1770 3094 quod
1807 3030 1946 3093 legit
1992 3026 2161 3079 schol.
2219 3029 2304 3078 vel
2341 3045 2603 3095 personae
2647 3030 2731 3080 vel
2776 3031 2869 3079 rei.
2938 3031 3028 3083 Pr.
3066 3032 3164 3080 818
3200 3030 3373 3095 σχολή
3411 3028 3470 3079 δὲ
3510 3027 3724 3078 πλείων

668 3099 758 3159 qui
797 3097 1118 3157 annotavit,
1171 3096 1312 3159 πρὸς
1361 3096 1471 3159 τὴν
1521 3097 1840 3161 συναλιφὴν
1883 3098 1985 3161 τῆς
2035 3092 2166 3158 περί
2209 3095 2253 3160 ’ἢ
2283 3096 2432 3148 θέλω
2459 3095 2695 3163 πάρεστί
2721 3111 2829 3159 μοι.
2878 3097 3024 3163 Sept.
3069 3098 3166 3146 662
3205 3096 3251 3147 εί
3285 3097 3334 3146 δ’
3358 3097 3392 3157 ἡ
3421 3097 3556 3155 Διὸς
3597 3098 3723 3154 παῖς

666 3163 752 3211 καὶ
789 3164 895 3226 τήν
933 3159 1195 3224 συζυγίαν
1229 3165 1331 3213 τοῦ
1367 3163 1639 3227 ῥήματος,
1679 3164 1822 3229 quod
1859 3171 2021 3214 notae
2057 3178 2167 3212 non
2223 3164 2497 3228 παρθένος
2522 3164 2665 3229 Δίκη
2691 3167 2879 3228 παρῆν
2903 3164 3088 3228 ἔργοις
3124 3162 3340 3215 ἐκείνου
3378 3164 3465 3212 καὶ
3503 3161 3720 3227 φρεσίν.

667 3230 903 3281 melioris
937 3241 1020 3280 est
1046 3246 1204 3295 quam
1239 3231 1618 3295 περεβάλοντο
1652 3233 1749 3296 Ag.
1781 3233 1924 3290 1147,
1963 3230 2027 3281 de
2062 3246 2165 3296 quo
2226 3231 2327 3298 [lb.
2365 3234 2464 3283 803
2500 3233 2558 3282 in
2593 3247 2784 3297 apogr.
2812 3233 3125 3296 quibusdam
3161 3231 3344 3294 παρόν
3381 3230 3591 3280 illatum
3630 3247 3724 3295 pro

666 3313 707 3346 s.
746 3314 796 3346 v.
833 3296 1149 3361 περιβάλλω
1185 3299 1406 3348 dicetur.
2223 3305 2478 3364 corrupto
2515 3299 2716 3356 πλέον,
2756 3300 2844 3349 cui
2878 3316 2978 3366 ego
3014 3298 3181 3352 πάλιν
3223 3296 3490 3364 praetuli.}
3564 3297 3660 3347 Ch.
3695 3303 3725 3347 9

735 3362 1242 3430 [παρασκοπέω.
1311 3366 1411 3430 Ag.
1460 3369 1590 3417 1252
1634 3365 1998 3431 παρεσκόπης
2033 3365 2167 3416 seri-
2220 3366 2287 3418 ού
2323 3366 2426 3430 γάρ
2462 3367 2664 3431 παρὼν
2701 3367 2910 3433 ᾤμωξα
2943 3367 3078 3430 σόν,
3113 3366 3305 3430 πάτερ,
3366 3366 3553 3429 μόρον.
3627 3368 3725 3416 852

666 3441 827 3496 ptura
860 3435 1062 3483 vitiosa
1106 3449 1200 3498 pro
1237 3433 1592 3498 παρεκόπης,
1637 3435 1705 3484 de
1743 3450 1848 3500 qno
1882 3434 2083 3484 dictum
2118 3448 2165 3483 e.
2220 3432 2321 3486 εἴτ’
2362 3433 2535 3495 αὐτὸς
2577 3434 2651 3499 ῆν
2686 3433 3032 3499 θνήσκοντος
3076 3433 3313 3496 ἐγγύθεν
3350 3433 3564 3496 παρών.
3634 3434 3726 3482 ubi

667 3515 715 3548 v.
752 3498 1224 3564 παρακόπτομαι.]
2222 3500 2294 3564 ἦν
2317 3501 2519 3566 παρών
2544 3503 2749 3554 dictum
2786 3518 2882 3567 pro
2918 3506 3120 3567 παρῆν.
3192 3504 3342 3551 Eum.
3370 3504 3469 3551 804
3505 3502 3726 3563 θυραῖος

735 3566 1214 3631 παρασπιστής
1257 3580 1441 3621 comes.
1511 3569 1603 3620 Fr.
1640 3571 1738 3620 309
1773 3568 1939 3633 (apud
1970 3568 2167 3620 Arieti-
2221 3569 2369 3622 ἑστω
2395 3569 2641 3632 πόλεμος
2658 3568 2726 3621 οὐ
2747 3568 2905 3632 μόλις
2926 3568 3143 3635 παρών,
3167 3570 3229 3618 de
3250 3585 3353 3633 quo
3379 3569 3496 3618 loco
3522 3569 3728 3617 dictum

667 3636 788 3685 dem
825 3635 1082 3697 Aeschyli
1117 3636 1284 3685 verba
1319 3652 1448 3686 suae
1486 3637 1721 3686 orationi
1768 3634 2168 3686 accommodan-
2222 3645 2304 3689 est
2341 3637 2389 3688 s.'
2424 3653 2470 3685 v.
2510 3637 2681 3700 μόλις.
2738 3637 2884 3704 Sept.
2922 3641 3047 3689 1041
3088 3635 3277 3699 θάρσει
3324 3636 3596 3700 παρέσται
3633 3649 3725 3698 μη-

669 3703 795 3765 tem)
833 3703 906 3765 μὴ
945 3702 1042 3762 μέν
1078 3700 1179 3752 οὖν
1214 3701 1399 3765 ἔμοιγε
1433 3731 1498 3739 -—
1534 3703 1926 3768 παρασπιστὴς
1962 3701 2062 3766 εἴη.
2223 3705 2361 3769 χανὴ
2407 3704 2753 3769 δραστήριος.
2826 3706 2976 3756 Pers.
3024 3708 3123 3755 235
3169 3701 3276 3754 ὧδέ
3319 3718 3400 3764 τις
3456 3702 3725 3764 πάρεστιν

735 3768 1182 3833 παρασταδόν
1210 3782 1382 3834 prope
1400 3768 1692 3823 uastando,
1746 3770 1840 3820 Ch.
1862 3775 1959 3821 983
1980 3768 2168 3834 κύκλῳ
2191 3755 2201 3815 ἶ
2223 3771 2413 3832 αὐτοῖς
2449 3771 2861 3834 ἀνδροπλ’θεια
2885 3773 3158 3838 στρατοῦ;
3221 3775 3319 3821 330
3355 3772 3588 3821 πολλῶν
3624 3784 3725 3820 πα-

577 3851 608 3862 ·’
668 3835 1028 3905 πρρασταδὸν
1081 3836 1428 3901 στέγαστρον
1471 3837 1674 3901 ἀνδρὸς
1724 3834 1964 3900 δείξατε,
2024 3838 2169 3903 quod
2225 3839 2450 3903 ρόντων
2475 3839 2525 3889 δ’
2549 3837 2691 3901 ὀλίγ’
2752 3839 3055 3902 παγγέλλω
3094 3838 3250 3891 κακά.
3321 3841 3414 3889 391
3455 3838 3631 3901 φόβος
3666 3835 3727 3888 δέ

666 3906 828 3954 etiam
866 3905 1203 3969 περισταδόν
1249 3905 1354 3955 dici
1390 3912 1626 3971 poterat,
1682 3921 1821 3970 quae
1858 3911 2171 3971 permutata
2223 3910 2359 3958 πᾶσι
2386 3906 2675 3971 βαρβάροις
2699 3910 2902 3972 παρῆν,
2973 3910 3073 3957 414
3096 3905 3288 3970 ἀρωγὴ
3311 3906 3359 3956 δ’
3384 3904 3535 3965 οὔτις
3561 3903 3725 3967 ἀλλή-

669 3980 798 4023 sunt
833 3976 889 4022 in
928 3974 1078 4023 libris
1119 3975 1338 4023 Homeri
1375 3971 1437 4023 11.
1477 3979 1553 4034 13,
1592 3976 1707 4024 551.
2226 3977 2338 4034 λοις
2362 3977 2565 4039 παρῆν.
2639 3979 2731 4026 901
2761 3974 3049 4038 ἀκάματον
3078 3975 3138 4026 δὲ
3177 3977 3362 4037 παρῆν
3399 3974 3597 4031 σθένος
3635 3971 3727 4022 άν-

735 4039 1189 4104 παραστατὲω
1228 4039 1400 4092 adstO.
1472 4046 1569 4105 Ag.
1597 4045 1657 4091 14
1693 4041 1871 4104 φόβος
1906 4039 2011 4105 γάρ
2046 4038 2171 4091 ἀνθ’
2193 4041 2200 4100 ἒ
2222 4043 2393 4106 δρῶν.
2461 4045 2560 4093 266
2585 4042 2810 4107 καὶμὴν
2838 4042 3035 4106 παρών
3069 4056 3134 4103 γε
3170 4041 3271 4093 κού
3300 4041 3500 4101 λόγους
3538 4040 3729 4090 ἄλλων

668 4107 849 4160 ὕπνου
901 4113 1259 4171 παραστατεῖ.
1328 4112 1425 4159 877
1462 4107 1524 4159 ἐκ
1567 4108 1750 4161 τῶνδέ
1794 4122 1882 4159 τοι
1919 4111 2048 4169 παῖς
2083 4106 2168 4158 ἑν·
2194 4113 2201 4170 ξ
2225 4109 2431 4161 κλύων.
2500 4112 2600 4174 Ag.
2635 4113 2732 4160 421
2770 4109 3164 4175 ὀνειρόφαντοι
3208 4107 3557 4171 πενθήμονες
3595 4106 3727 4170 πάρ-

669 4175 791 4224 θάδ’
814 4173 881 4226 ού
906 4180 1266 4239 παραστατεῖ.
1339 4179 1467 4227 1079
1486 4174 1550 4226 ὲν
1582 4175 1733 4238 γόοις
1768 4179 2168 4240 παραστατεῖν.
2193 4173 2201 4228 l
2226 4190 2366 4229 εισιν
2390 4175 2564 4231 δοκαί.
2665 4180 2791 4228 1249
2818 4175 2919 4228 οὐκ
2941 4175 2990 4229 εί
3024 4176 3299 4241 παρέσται
3335 4189 3417 4237 γε,
3455 4177 3547 4227 ubi
3582 4183 3729 4226 reete

673 4245 796 4292 1201
837 4245 1029 4307 ὥσπερ
1067 4240 1115 4294 εί
1152 4243 1534 4307 παρεστάτεις.
2194 4231 2543 4298 Ιὸοὶιυοιιὶιιε
2592 4258 2617 4296 ε
2645 4259 2751 4309 περ
2795 4244 2950 4297 ἔσται
2993 4243 3103 4310 γε].
3175 4244 3263 4293 Ch.
3304 4247 3369 4293 85
3407 4245 3526 4296 ἐπεὶ
3564 4242 3729 4305 πάρε-

740 4308 1183 4374 παραστάτης
1227 4323 1410 4363 comes.
1483 4312 1630 4363 Pers,
1675 4313 1775 4362 956
1819 4313 1931 4362 ποῦ
1975 4310 2037 4363 δὲ
2079 4311 2171 4364 σοὶ
2223 4327 2324 4366 στε
2370 4311 2541 4376 τῆσδε
2584 4315 2946 4377 προστροπῆς
2990 4311 3111 4375 ἐμοὶ
3157 4308 3389 4372 πομποί.
3463 4316 3522 4363 91
3561 4311 3730 4361 τῶνδ’

670 4377 1043 4441 παραστάταις
2227 4380 2293 4432 ού
2345 4379 2582 4444 πάρεστι
2635 4378 2857 4443 θάρσος.
2927 4384 3021 4429 211
3077 4378 3312 4444 πάρεστι
3366 4379 3415 4428 δ’
3463 4378 3594 4438 ὠδὶς
3640 4378 3728 4428 καὶ

667 4442 1174 4509 1ὶ,παραστείχω
1204 4448 1501 4510 praetereo.
1570 4445 1665 4496 ch.
1692 4448 1792 4497 568
1827 4445 2033 4509 δόμους
2069 4446 2171 4512 (sic
2225 4450 2454 4512 φρενῶν
2489 4447 2836 4512 καταφθορά.
2909 4445 3029 4513 [570
3066 4445 3324 4507 Αἴγισθος
3370 4445 3526 4510 εἴπερ
3576 4445 3728 4497 οἶδεν

673 4513 1057 4563 Boissonadius
1094 4529 1189 4577 pro
1225 4513 1432 4576 δόμοις)
1469 4511 1935 4577 παραστείχοντα.
2195 4477 2457 4589 ἒένδημος
2503 4515 2718 4579 παρών.
2797 4516 2894 4566 nbi
2938 4512 3174 4580 ἔκδημός
3219 4528 3325 4578 περ
3372 4513 3454 4565 ὤν
3500 4516 3728 4572 restitui,

736 4579 1108 4643 παρασύρω
1144 4579 1208 4631 in
1250 4579 1488 4631 medium
1531 4579 1714 4640 trahe,
1759 4579 2013 4646 proiiciO.
2084 4584 2173 4637 Pr.
2197 4605 2204 4636 ι
2225 4585 2287 4634 de
2315 4599 2417 4649 quo
2442 4582 2553 4632 dixi
2577 4583 2635 4632 in
2660 4583 2834 4633 Praef.
2858 4583 2936 4632 ed.
2961 4584 3111 4649 Lips.
3146 4584 3366 4647 quintae
3396 4600 3446 4647 p.
3482 4579 3726 4648 xcv11.·]

674 4652 801 4698 1065
845 4647 912 4697 ού
957 4647 1060 4712 γὰρ
1113 4647 1181 4712 δή
1229 4663 1339 4700 που
1375 4647 1549 4700 τοῦτό
1586 4662 1651 4710 γε
1684 4648 1898 4713 τλητὸν
1933 4645 2326 4740 trepton-¹668
2372 4648 2607 4713 πάρεστι
2653 4649 2758 4715 γὰρ
2806 4649 3083 4715 όποῖάπερ
3126 4649 3341 4713 δόμοισι
3376 4649 3552 4701 τοῖσδ’
3589 4648 3729 4700 ἐπει-

671 4730 767 4777 Ρας
803 4715 952 4776 ἔπος·
2198 4718 2383 4790 ικότα.
2439 4721 2537 4769 987
2564 4716 2641 4778 ῶς
2664 4715 2733 4768 ἂν
2772 4721 2923 4783 παρῇ
2963 4733 3054 4779 μοι
3090 4717 3316 4782 μάρτυς.
3374 4720 3526 4769 Eum.
3558 4717 3728 4778 πέλας

739 4781 1039 4846 πάραυτα
1074 4781 1279 4834 statim.
1348 4784 1449 4848 Ag.
1472 4787 1572 4836 737
1608 4782 1868 4849 πάραυτα
1902 4783 1953 4835 δ’
1987 4783 2174 4836 ἐλθεῖν

669 4849 726 4909 ἐς
765 4849 922 4902 Ἰλίου
959 4850 1125 4901 πόλιν
1161 4849 1370 4914 λέγοιμ’
1402 4851 1488 4902 ἀν.
1559 4852 1660 4902 Per
1695 4854 2046 4918 παραχρῆμα,
2084 4851 2174 4904 εύ-

670 4919 827 4980 θέως,
851 4917 1162 4981 παραυτίκα
1184 4935 1303 4985 exp.
1349 4920 1584 4983 Hesyeh.
1604 4921 1759 4985 Apud
1781 4921 1918 4973 alios
1947 4923 2174 4986 scripto-

670 5002 756 5035 res
776 4986 1034 5035 interdum
1051 4986 1304 5050 παραυτά
1324 4989 1576 5038 scribitur
1587 4985 1889 5048 ὀξυτόνως.
1919 4987 2175 5052 πάραυτα

2228 4851 2452 4917 λαμπρά
2490 4853 2756 4917 μαρτύρια
2798 4855 3000 4917 παρῆν.
3072 4853 3260 4918 Suppl.
3296 4857 3393 4904 245
3431 4851 3478 4903 εἰ
3517 4854 3588 4915 μὴ
3627 4868 3726 4903 πα-

2227 4922 2384 4986 ρόντι
2430 4920 2678 4984 φθόγγος
2720 4920 2793 4985 ῆν
2838 4919 2870 4972 ό
2917 4924 3204 4984 σημανῶν.
3276 4924 3373 4970 598
3409 4918 3643 4982 πάρεστι
3679 4920 3729 4970 δ’

2226 4991 2393 5054 ἔργον
2428 4985 2507 5049 ὡς
2541 4988 2694 5050 ἔπος.
2770 4989 2898 5039 1038
2934 4989 3247 5051 μετάκοινοι
3293 4987 3354 5038 δὲ
3390 4984 3526 5051 φίλᾳ
3565 4989 3726 5051 ματρὶ

671 5056 837 5103 etiam
872 5054 940 5105 ab
976 5054 1244 5105 hodiernis
1283 5055 1510 5106 Graecis
1584 5055 1884 5105 renuntiari
1922 5056 2495 5121 observa-1ndpetctv.
2567 5056 2654 5106 Fr.
2711 5058 2836 5114 281,
2889 5058 2919 5106 7
2972 5055 3145 5116 αὐτὸς
3199 5054 3261 5105 ἐν
3304 5051 3463 5118 θοίνῃ
3511 5053 3727 5117 παρών.

667 5122 751 5170 vit
787 5122 986 5171 Coraes
1033 5122 1089 5171 in
1124 5123 1510 5173 dissertatione
1591 5123 1836 5173 rodromo
1889 5122 2173 5173 bibliothe·
2225 5128 2325 5189 Ag.
2367 5127 2495 5174 1240
2541 5124 2630 5174 καί
2676 5122 2745 5175 σύ
2784 5122 2841 5187 μ’
2874 5122 2937 5174 ἐν
2979 5121 3135 5187 τάχει
3177 5122 3376 5185 παρὼν
3413 5121 3554 5182 ἄγαν
3593 5121 3725 5185 ἀλη-

669 5205 768 5238 cae
806 5188 1040 5239 Graecae
1085 5193 1382 5255 praemissa
1428 5208 1479 5256 p.
1514 5194 1607 5253 50,
1645 5191 1713 5241 ab
1751 5191 2056 5241 Hermanno
2093 5191 2494 5255 ἰυ-θόμαντιν
2540 5187 2813 5253 οἰκτείρας
2858 5188 3015 5254 ἐρεῖς.
3086 5190 3182 5241 Ch.
3234 5193 3359 5239 1014
3408 5191 3512 5237 νῦν
3547 5187 3728 5240 αὐτὸν

668 5257 901 5310 dicatus.
2198 5249 2384 5320 ἱαἰνῶ,
2422 5260 2524 5309 νῦν
2558 5256 2863 5320 ἀποιμώζω
2900 5255 3117 5321 παρών.
3187 5259 3283 5306 699
3310 5259 3604 5319 παροῦσαν
3639 5255 3726 5318 ἑγ-

734 5324 1122 5388 παραυτίκα
1164 5324 1373 5386 statim,
1427 5323 1591 5376 illico,
1677 5325 1864 5405 Suppl.
1914 5329 2010 5378 767
2056 5323 2178 5377 οὐδ’
2225 5324 2441 5392 γράφει.
2508 5327 2601 5376 ubi
2637 5331 2947 5390 suspectum
2993 5331 3074 5375 est
3118 5325 3412 5388 παροῦσαν
3447 5322 3723 5388 ἐγγράφει.

667 5391 1054 5457 ἀγκυρουχίαις
1115 5395 1385 5457 θαρσοῦσι
1447 5395 1602 5444 ναῶν
1654 5406 1912 5456 ποιμενες
1963 5407 2174 5458 παραυ·
2226 5393 2406 5448 Schol.
2449 5392 2620 5446 τάξον
2671 5391 2852 5456 αὐτὴν
2885 5390 3306 5456 ἀφανισθεῖσαν,
3352 5390 3428 5452 ῶς
3476 5390 3614 5455 πρὸς
3660 5392 3728 5443 τὸ

667 5460 808 5513 τίκα.
2195 5458 2383 5523 ;ἐλπίς
2440 5459 2491 5511 δ’
2540 5459 2860 5524 ἀπέδωκεν,
2935 5459 3073 5510 unde
3137 5461 3408 5509 Canterus
3470 5456 3729 5509 ἀποῦσαν

736 5527 1098 5593 παραφορά
1141 5527 1337 5581 mentis
1378 5526 1660 5580 alienatio,
1739 5529 1892 5582 Eum.
1940 5533 2040 5581 330
2074 5532 2173 5580 342
2224 5527 2527 5593 ἐγγράφου,
2564 5528 2660 5578 alii
2685 5529 2799 5578 alia
2823 5528 3184 5578 coniecerunt.
3229 5529 3544 5591 Imperfeeti
3569 5531 3728 5576 vetus

666 5598 797 5650 τόδε
833 5598 1014 5660 μέλος,
1051 5596 1368 5660 παρακοπὰ,
1405 5595 1708 5661 παραφορὰ
1741 5595 2106 5660 φρενοδαλής.
2194 5598 2395 5674 ¹forma
2427 5597 2611 5647 Attica
2644 5597 2797 5660 παρῆ
2833 5595 2929 5646 ch.
2964 5596 3063 5645 523
3099 5593 3226 5658 οἷδ’,
3268 5591 3314 5643 ὦ
3350 5594 3579 5645 τέκνον·
3626 5608 3728 5644 πα-

621 5695 626 5702 ·
733 5664 1196 5731 παραφρονέω
1242 5668 1415 5717 mente
1462 5665 1752 5716 commotus
1792 5676 1932 5718 eum.
2021 5663 2171 5731 Sept.
2225 5667 2295 5729 ρῆ
2329 5662 2451 5728 γάρ.

662 5737 765 5785 806
801 5736 1150 5798 παραφρονῶ
1188 5733 1352 5801 φόβῳ
1389 5732 1578 5796 λόγου.
2194 5681 2205 5788 Ι
2293 5733 2576 5798 Frequens
2630 5735 2712 5783 est
2772 5730 3124 5797 participium
3182 5727 3382 5794 παρών
3438 5731 3504 5781 de
3573 5729 3729 5778 rebus

763 5819 974 5858 Iamcorae
997 5819 1324 5860 Amoaruun.
3272 5825 3330 5872 18

2229 4784 2433 4849 μάρτυς
2452 4783 2687 4849 πάρεστι
2704 4788 2835 4846 παῖς
2875 4783 3182 4849 Ὀλυμπίου
3217 4786 3368 4846 Διός.
3439 4787 3594 4835 Eum.
3632 4788 3726 4835 797
3778 4817 3833 4849 -.,.
