<?xml version="1.0" encoding="UTF-8"?>
<!DOCTYPE html PUBLIC "-//W3C//DTD XHTML 1.0 Transitional//EN"
    "http://www.w3.org/TR/xhtml1/DTD/xhtml1-transitional.dtd">
<html xmlns="http://www.w3.org/1999/xhtml" xml:lang="en" lang="en">
 <head>
  <title>
</title>
<meta http-equiv="Content-Type" content="text/html;charset=utf-8" />
  <meta name='ocr-system' content='tesseract 3.04.00' />
  <meta name='ocr-capabilities' content='ocr_page ocr_carea ocr_par ocr_line ocrx_word'/>
</head>
<body>
  <div class='ocr_page' id='page_1' title='image "./lexiconaeschyle00dindgoog_1062.png"; bbox 0 0 4300 6317; ppageno 0'>
   <div class='ocr_carea' id='block_1_1' title="bbox 538 346 2896 608">
    <p class='ocr_par' dir='ltr' id='par_1_1' title="bbox 538 346 2896 608">
     <span class='ocr_line' id='line_1_1' title="bbox 538 346 2896 608; baseline 0 5709"><span class='ocrx_word' id='word_1_1' title='bbox 538 346 2896 608; x_wconf 95' lang='lat' dir='ltr'><strong> </strong></span> 
     </span>
    </p>
   </div>
   <div class='ocr_carea' id='block_1_2' title="bbox 1469 603 2111 604">
    <p class='ocr_par' dir='ltr' id='par_1_2' title="bbox 1469 603 2111 604">
     <span class='ocr_line' id='line_1_2' title="bbox 1469 603 2111 604; baseline 0 0"><span class='ocrx_word' id='word_1_2' title='bbox 1469 603 2111 604; x_wconf 95' lang='lat' dir='ltr'><strong> </strong></span> 
     </span>
    </p>
   </div>
   <div class='ocr_carea' id='block_1_3' title="bbox 607 1085 2069 1151">
    <p class='ocr_par' dir='ltr' id='par_1_3' title="bbox 607 1085 2069 1151">
     <span class='ocr_line' id='line_1_3' title="bbox 607 1085 2069 1151; baseline 0 -13"><span class='ocrx_word' id='word_1_3' title='bbox 607 1089 788 1140; x_wconf 69' lang='grc'><strong>2981).</strong></span> <span class='ocrx_word' id='word_1_4' title='bbox 841 1086 1014 1140; x_wconf 82' lang='grc' dir='ltr'>πολύ</span> <span class='ocrx_word' id='word_1_5' title='bbox 1071 1087 1478 1138; x_wconf 75' lang='lat' dir='ltr'><strong>adverbialiter.</strong></span> <span class='ocrx_word' id='word_1_6' title='bbox 1549 1088 1612 1138; x_wconf 90' lang='lat' dir='ltr'><strong>In</strong></span> <span class='ocrx_word' id='word_1_7' title='bbox 1664 1085 1762 1138; x_wconf 89' lang='lat' dir='ltr'><strong>Ch.</strong></span> <span class='ocrx_word' id='word_1_8' title='bbox 1811 1089 1940 1138; x_wconf 75' lang='lat'>1052</span> <span class='ocrx_word' id='word_1_9' title='bbox 1996 1087 2069 1151; x_wconf 87' lang='grc' dir='ltr'>μὴ</span> 
     </span>
    </p>
   </div>
   <div class='ocr_carea' id='block_1_4' title="bbox 949 1040 1146 1048">
    <p class='ocr_par' dir='ltr' id='par_1_4' title="bbox 949 1040 1146 1048">
     <span class='ocr_line' id='line_1_4' title="bbox 949 1040 1146 1048; baseline 0 5269"><span class='ocrx_word' id='word_1_10' title='bbox 949 1040 1146 1048; x_wconf 95' lang='lat' dir='ltr'><strong> </strong></span> 
     </span>
    </p>
   </div>
   <div class='ocr_carea' id='block_1_5' title="bbox 1335 1041 1586 1047">
    <p class='ocr_par' dir='ltr' id='par_1_5' title="bbox 1335 1041 1586 1047">
     <span class='ocr_line' id='line_1_5' title="bbox 1335 1041 1586 1047; baseline 0 0"><span class='ocrx_word' id='word_1_11' title='bbox 1335 1041 1586 1047; x_wconf 95' lang='lat' dir='ltr'><strong> </strong></span> 
     </span>
    </p>
   </div>
   <div class='ocr_carea' id='block_1_6' title="bbox 1915 933 2284 990">
    <p class='ocr_par' dir='ltr' id='par_1_6' title="bbox 1915 933 2284 990">
     <span class='ocr_line' id='line_1_6' title="bbox 1915 933 2284 990; baseline 0.016 -6"><span class='ocrx_word' id='word_1_12' title='bbox 1915 933 2284 990; x_wconf 77' lang='lat' dir='ltr'><strong>ADDENDA.</strong></span> 
     </span>
    </p>
   </div>
   <div class='ocr_carea' id='block_1_7' title="bbox 1911 1040 2126 1048">
    <p class='ocr_par' dir='ltr' id='par_1_7' title="bbox 1911 1040 2126 1048">
     <span class='ocr_line' id='line_1_7' title="bbox 1911 1040 2126 1048; baseline 0 5269"><span class='ocrx_word' id='word_1_13' title='bbox 1911 1040 2126 1048; x_wconf 95' lang='lat' dir='ltr'><strong> </strong></span> 
     </span>
    </p>
   </div>
   <div class='ocr_carea' id='block_1_8' title="bbox 3523 930 3643 994">
    <p class='ocr_par' dir='ltr' id='par_1_8' title="bbox 3523 930 3643 994">
     <span class='ocr_line' id='line_1_8' title="bbox 3523 930 3643 994; baseline 0.017 -2"><span class='ocrx_word' id='word_1_14' title='bbox 3523 930 3643 994; x_wconf 87' lang='grc'><strong>431</strong></span> 
     </span>
    </p>
   </div>
   <div class='ocr_carea' id='block_1_9' title="bbox 2129 1084 3646 1150">
    <p class='ocr_par' dir='ltr' id='par_1_9' title="bbox 2129 1084 3646 1150">
     <span class='ocr_line' id='line_1_9' title="bbox 2129 1084 3646 1150; baseline -0.001 -13"><span class='ocrx_word' id='word_1_15' title='bbox 2129 1088 2369 1138; x_wconf 86' lang='lat' dir='ltr'><strong>iumenta</strong></span> <span class='ocrx_word' id='word_1_16' title='bbox 2394 1087 2931 1150; x_wconf 67' lang='lat' dir='ltr'><strong>constringebantur,</strong></span> <span class='ocrx_word' id='word_1_17' title='bbox 2962 1091 3025 1138; x_wconf 87' lang='lat' dir='ltr'><strong>ut</strong></span> <span class='ocrx_word' id='word_1_18' title='bbox 3048 1087 3257 1137; x_wconf 88' lang='lat' dir='ltr'><strong>monuit</strong></span> <span class='ocrx_word' id='word_1_19' title='bbox 3278 1084 3646 1135; x_wconf 83' lang='lat' dir='ltr'><strong>Thiersehius.</strong></span> 
     </span>
    </p>
   </div>
   <div class='ocr_carea' id='block_1_10' title="bbox 575 1150 3648 1304">
    <p class='ocr_par' dir='ltr' id='par_1_10' title="bbox 575 1150 3648 1304">
     <span class='ocr_line' id='line_1_10' title="bbox 583 1150 3648 1220; baseline -0.002 -12"><span class='ocrx_word' id='word_1_20' title='bbox 583 1153 734 1220; x_wconf 78' lang='grc' dir='ltr'>ὀβου</span> <span class='ocrx_word' id='word_1_21' title='bbox 771 1158 908 1207; x_wconf 84' lang='grc' dir='ltr'>νικῶ</span> <span class='ocrx_word' id='word_1_22' title='bbox 933 1154 1097 1218; x_wconf 89' lang='grc' dir='ltr'>πολύ,</span> <span class='ocrx_word' id='word_1_23' title='bbox 1137 1155 1434 1220; x_wconf 87' lang='lat' dir='ltr'><strong>probabilis</strong></span> <span class='ocrx_word' id='word_1_24' title='bbox 1457 1161 1542 1206; x_wconf 89' lang='lat' dir='ltr'><strong>est</strong></span> <span class='ocrx_word' id='word_1_25' title='bbox 1567 1155 1921 1206; x_wconf 86' lang='lat' dir='ltr'><strong>Herwerdeni</strong></span> <span class='ocrx_word' id='word_1_26' title='bbox 1947 1171 2074 1205; x_wconf 88' lang='lat' dir='ltr'><strong>eon·</strong></span> <span class='ocrx_word' id='word_1_27' title='bbox 2125 1152 2216 1204; x_wconf 81' lang='lat' dir='ltr'><strong>Fr.</strong></span> <span class='ocrx_word' id='word_1_28' title='bbox 2252 1158 2348 1205; x_wconf 78' lang='lat'><strong>811</strong></span> <span class='ocrx_word' id='word_1_29' title='bbox 2389 1153 2536 1206; x_wconf 82' lang='grc' dir='ltr'>ὅπου</span> <span class='ocrx_word' id='word_1_30' title='bbox 2562 1153 2668 1218; x_wconf 88' lang='grc' dir='ltr'><strong>γὰρ</strong></span> <span class='ocrx_word' id='word_1_31' title='bbox 2704 1151 2862 1217; x_wconf 71' lang='grc' dir='ltr'>ἰσχὺς</span> <span class='ocrx_word' id='word_1_32' title='bbox 2886 1154 3185 1215; x_wconf 80' lang='grc' dir='ltr'>συζυγοῦσι</span> <span class='ocrx_word' id='word_1_33' title='bbox 3219 1154 3308 1204; x_wconf 82' lang='grc' dir='ltr'><strong>καὶ</strong></span> <span class='ocrx_word' id='word_1_34' title='bbox 3334 1151 3476 1218; x_wconf 89' lang='grc' dir='ltr'>δίκη,</span> <span class='ocrx_word' id='word_1_35' title='bbox 3515 1150 3648 1203; x_wconf 90' lang='grc' dir='ltr'>ποία</span> 
     </span>
     <span class='ocr_line' id='line_1_11' title="bbox 575 1220 3033 1304; baseline 0 -30"><span class='ocrx_word' id='word_1_36' title='bbox 575 1228 766 1304; x_wconf 68' lang='lat' dir='ltr'><strong>actara</strong></span> <span class='ocrx_word' id='word_1_37' title='bbox 803 1221 945 1284; x_wconf 90' lang='grc' dir='ltr'>λίαν,</span> <span class='ocrx_word' id='word_1_38' title='bbox 985 1224 1128 1290; x_wconf 87' lang='lat' dir='ltr'><strong>qnod</strong></span> <span class='ocrx_word' id='word_1_39' title='bbox 1155 1240 1252 1289; x_wconf 85' lang='lat' dir='ltr'><strong>per</strong></span> <span class='ocrx_word' id='word_1_40' title='bbox 1279 1223 1428 1274; x_wconf 90' lang='grc' dir='ltr'>πολύ</span> <span class='ocrx_word' id='word_1_41' title='bbox 1454 1222 1736 1288; x_wconf 76' lang='lat' dir='ltr'><strong>explicant</strong></span> <span class='ocrx_word' id='word_1_42' title='bbox 1763 1223 2072 1287; x_wconf 70' lang='lat' dir='ltr'><strong>Hesychius</strong></span> <span class='ocrx_word' id='word_1_43' title='bbox 2125 1222 2365 1287; x_wconf 81' lang='grc' dir='ltr'>ξυνωρὶς</span> <span class='ocrx_word' id='word_1_44' title='bbox 2401 1223 2573 1288; x_wconf 88' lang='grc' dir='ltr'>τῆσδε</span> <span class='ocrx_word' id='word_1_45' title='bbox 2615 1220 3033 1288; x_wconf 77' lang='grc' dir='ltr'>καρτερωτέρας</span> 
     </span>
    </p>
   </div>
   <div class='ocr_carea' id='block_1_11' title="bbox 571 1289 1153 1358">
    <p class='ocr_par' dir='ltr' id='par_1_11' title="bbox 571 1289 1153 1358">
     <span class='ocr_line' id='line_1_12' title="bbox 571 1289 1153 1358; baseline -0.002 -16"><span class='ocrx_word' id='word_1_46' title='bbox 571 1289 758 1358; x_wconf 80' lang='lat' dir='ltr'><strong>hique</strong></span> <span class='ocrx_word' id='word_1_47' title='bbox 795 1293 1153 1356; x_wconf 74' lang='lat' dir='ltr'><strong>grammatici.</strong></span> 
     </span>
    </p>
   </div>
   <div class='ocr_carea' id='block_1_12' title="bbox 2194 1287 3646 1356">
    <p class='ocr_par' dir='ltr' id='par_1_12' title="bbox 2194 1287 3646 1356">
     <span class='ocr_line' id='line_1_13' title="bbox 2194 1287 3646 1356; baseline -0.003 -14"><span class='ocrx_word' id='word_1_48' title='bbox 2194 1291 2363 1344; x_wconf 71' lang='lat'><strong>3441».</strong></span> <span class='ocrx_word' id='word_1_49' title='bbox 2400 1290 2643 1354; x_wconf 82' lang='grc' dir='ltr'>σχέθω.</span> <span class='ocrx_word' id='word_1_50' title='bbox 2705 1290 2767 1341; x_wconf 89' lang='lat' dir='ltr'><strong>In</strong></span> <span class='ocrx_word' id='word_1_51' title='bbox 2806 1290 2922 1340; x_wconf 84' lang='lat' dir='ltr'><strong>loco</strong></span> <span class='ocrx_word' id='word_1_52' title='bbox 2960 1291 3105 1356; x_wconf 89' lang='lat' dir='ltr'><strong>Sept.</strong></span> <span class='ocrx_word' id='word_1_53' title='bbox 3135 1292 3199 1340; x_wconf 82' lang='grc'><strong>75</strong></span> <span class='ocrx_word' id='word_1_54' title='bbox 3240 1287 3542 1351; x_wconf 82' lang='grc' dir='ltr'>ἐλευθέραν</span> <span class='ocrx_word' id='word_1_55' title='bbox 3589 1288 3646 1338; x_wconf 81' lang='grc' dir='ltr'>δέ</span> 
     </span>
    </p>
   </div>
   <div class='ocr_carea' id='block_1_13' title="bbox 563 1356 3648 1492">
    <p class='ocr_par' dir='ltr' id='par_1_13' title="bbox 563 1356 3648 1492">
     <span class='ocr_line' id='line_1_14' title="bbox 605 1356 3645 1425; baseline -0.002 -15"><span class='ocrx_word' id='word_1_56' title='bbox 605 1361 718 1412; x_wconf 73' lang='lat'><strong>898</strong></span> <span class='ocrx_word' id='word_1_57' title='bbox 741 1359 793 1414; x_wconf 90' lang='lat' dir='ltr'><strong>b.</strong></span> <span class='ocrx_word' id='word_1_58' title='bbox 848 1360 976 1410; x_wconf 91' lang='grc' dir='ltr'><strong>πολ</strong></span> <span class='ocrx_word' id='word_1_59' title='bbox 993 1359 1045 1411; x_wconf 92' lang='grc' dir='ltr'>ύ.</span> <span class='ocrx_word' id='word_1_60' title='bbox 1117 1361 1181 1409; x_wconf 90' lang='lat' dir='ltr'><strong>ln</strong></span> <span class='ocrx_word' id='word_1_61' title='bbox 1226 1358 1349 1409; x_wconf 88' lang='lat' dir='ltr'><strong>loeo</strong></span> <span class='ocrx_word' id='word_1_62' title='bbox 1395 1357 1491 1408; x_wconf 83' lang='lat' dir='ltr'><strong>Oh.</strong></span> <span class='ocrx_word' id='word_1_63' title='bbox 1530 1361 1626 1409; x_wconf 83' lang='lat'><strong>140</strong></span> <span class='ocrx_word' id='word_1_64' title='bbox 1669 1358 1814 1425; x_wconf 79' lang='grc' dir='ltr'>αὐτῇ</span> <span class='ocrx_word' id='word_1_65' title='bbox 1860 1359 1914 1410; x_wconf 85' lang='grc' dir='ltr'><strong>τ’</strong></span> <span class='ocrx_word' id='word_1_66' title='bbox 1948 1358 2071 1423; x_wconf 80' lang='grc' dir='ltr'>ἐμοὶ</span> <span class='ocrx_word' id='word_1_67' title='bbox 2124 1359 2235 1422; x_wconf 83' lang='grc' dir='ltr'><strong>γῆν</strong></span> <span class='ocrx_word' id='word_1_68' title='bbox 2268 1371 2333 1410; x_wconf 91' lang='grc' dir='ltr'><strong>τε</strong></span> <span class='ocrx_word' id='word_1_69' title='bbox 2381 1362 2470 1409; x_wconf 86' lang='grc' dir='ltr'><strong>καί</strong></span> <span class='ocrx_word' id='word_1_70' title='bbox 2509 1356 2728 1421; x_wconf 84' lang='grc' dir='ltr'>Κάδμου</span> <span class='ocrx_word' id='word_1_71' title='bbox 2773 1358 2943 1410; x_wconf 86' lang='grc' dir='ltr'>πόλιν</span> <span class='ocrx_word' id='word_1_72' title='bbox 2988 1360 3202 1420; x_wconf 82' lang='grc' dir='ltr'>ζυγοῖσι</span> <span class='ocrx_word' id='word_1_73' title='bbox 3240 1356 3507 1408; x_wconf 81' lang='grc' dir='ltr'>δουλίοισι</span> <span class='ocrx_word' id='word_1_74' title='bbox 3545 1356 3645 1420; x_wconf 88' lang='grc' dir='ltr'>μή-</span> 
     </span>
     <span class='ocr_line' id='line_1_15' title="bbox 563 1424 3648 1492; baseline -0.002 -14"><span class='ocrx_word' id='word_1_75' title='bbox 563 1424 642 1489; x_wconf 83' lang='grc' dir='ltr'><strong>ὁς</strong></span> <span class='ocrx_word' id='word_1_76' title='bbox 673 1426 1153 1492; x_wconf 83' lang='grc' dir='ltr'>σωφρονεστέραν</span> <span class='ocrx_word' id='word_1_77' title='bbox 1189 1426 1335 1478; x_wconf 85' lang='grc' dir='ltr'>πολὺ</span> <span class='ocrx_word' id='word_1_78' title='bbox 1362 1426 1572 1491; x_wconf 84' lang='grc' dir='ltr'>μητρὸς</span> <span class='ocrx_word' id='word_1_79' title='bbox 1604 1426 1880 1490; x_wconf 86' lang='grc' dir='ltr'>γενέσθαι,</span> <span class='ocrx_word' id='word_1_80' title='bbox 1916 1426 2073 1492; x_wconf 83' lang='grc' dir='ltr'>χεῖρά</span> <span class='ocrx_word' id='word_1_81' title='bbox 2127 1439 2269 1478; x_wconf 90' lang='grc' dir='ltr'>ποτε</span> <span class='ocrx_word' id='word_1_82' title='bbox 2294 1426 2519 1490; x_wconf 82' lang='grc' dir='ltr'>σχεθεῖν</span> <span class='ocrx_word' id='word_1_83' title='bbox 2552 1424 2795 1490; x_wconf 90' lang='grc' dir='ltr'>(σχέθειν</span> <span class='ocrx_word' id='word_1_84' title='bbox 2820 1426 2895 1488; x_wconf 86' lang='grc' dir='ltr'><strong>Μ)</strong></span> <span class='ocrx_word' id='word_1_85' title='bbox 2931 1425 3231 1477; x_wconf 68' lang='lat' dir='ltr'><strong>scholia-sta</strong></span> <span class='ocrx_word' id='word_1_86' title='bbox 3255 1426 3481 1474; x_wconf 82' lang='lat' dir='ltr'><strong>verbum</strong></span> <span class='ocrx_word' id='word_1_87' title='bbox 3509 1441 3648 1473; x_wconf 88' lang='lat' dir='ltr'><strong>eom-</strong></span> 
     </span>
    </p>
   </div>
   <div class='ocr_carea' id='block_1_14' title="bbox 542 1493 2072 5632">
    <p class='ocr_par' dir='ltr' id='par_1_14' title="bbox 543 1493 2072 2099">
     <span class='ocr_line' id='line_1_16' title="bbox 573 1493 2070 1559; baseline -0.001 -13"><span class='ocrx_word' id='word_1_88' title='bbox 573 1495 590 1514; x_wconf 82' lang='lat'>²</span> <span class='ocrx_word' id='word_1_89' title='bbox 642 1493 1075 1559; x_wconf 81' lang='grc' dir='ltr'>εὐσεβεστέραν.</span> <span class='ocrx_word' id='word_1_90' title='bbox 1148 1494 1297 1547; x_wconf 85' lang='grc' dir='ltr'>πολύ</span> <span class='ocrx_word' id='word_1_91' title='bbox 1345 1501 1490 1545; x_wconf 86' lang='lat' dir='ltr'><strong>recte</strong></span> <span class='ocrx_word' id='word_1_92' title='bbox 1531 1495 1589 1545; x_wconf 86' lang='lat' dir='ltr'><strong>in</strong></span> <span class='ocrx_word' id='word_1_93' title='bbox 1635 1495 1777 1548; x_wconf 88' lang='grc' dir='ltr'>ποτέ</span> <span class='ocrx_word' id='word_1_94' title='bbox 1825 1497 1880 1557; x_wconf 76' lang='grc' dir='ltr'>(ἰ.</span> <span class='ocrx_word' id='word_1_95' title='bbox 1930 1511 1975 1547; x_wconf 91' lang='lat' dir='ltr'><strong>e.</strong></span> <span class='ocrx_word' id='word_1_96' title='bbox 2022 1496 2070 1547; x_wconf 89' lang='lat' dir='ltr'><strong>si</strong></span> 
     </span>
     <span class='ocr_line' id='line_1_17' title="bbox 569 1563 2072 1629; baseline -0.001 -15"><span class='ocrx_word' id='word_1_97' title='bbox 569 1563 765 1614; x_wconf 86' lang='lat' dir='ltr'><strong>nando</strong></span> <span class='ocrx_word' id='word_1_98' title='bbox 812 1571 988 1629; x_wconf 87' lang='lat' dir='ltr'><strong>nupta</strong></span> <span class='ocrx_word' id='word_1_99' title='bbox 1026 1563 1202 1623; x_wconf 79' lang='lat' dir='ltr'><strong>fuero)</strong></span> <span class='ocrx_word' id='word_1_100' title='bbox 1249 1567 1452 1612; x_wconf 88' lang='lat' dir='ltr'><strong>mutare</strong></span> <span class='ocrx_word' id='word_1_101' title='bbox 1495 1563 1714 1614; x_wconf 83' lang='lat' dir='ltr'><strong>videtur</strong></span> <span class='ocrx_word' id='word_1_102' title='bbox 1758 1563 2072 1614; x_wconf 84' lang='lat' dir='ltr'><strong>Meinekius</strong></span> 
     </span>
     <span class='ocr_line' id='line_1_18' title="bbox 555 1628 2072 1696; baseline -0.001 -14"><span class='ocrx_word' id='word_1_103' title='bbox 555 1629 749 1684; x_wconf 76' lang='lat' dir='ltr'><strong>’hiloL</strong></span> <span class='ocrx_word' id='word_1_104' title='bbox 787 1632 895 1681; x_wconf 80' lang='lat' dir='ltr'><strong>vol.</strong></span> <span class='ocrx_word' id='word_1_105' title='bbox 935 1634 996 1682; x_wconf 87' lang='grc'><strong>19</strong></span> <span class='ocrx_word' id='word_1_106' title='bbox 1034 1647 1084 1696; x_wconf 87' lang='lat' dir='ltr'><strong>p.</strong></span> <span class='ocrx_word' id='word_1_107' title='bbox 1107 1634 1221 1684; x_wconf 79' lang='lat'><strong>214.</strong></span> <span class='ocrx_word' id='word_1_108' title='bbox 1258 1628 1407 1682; x_wconf 90' lang='grc' dir='ltr'>πολύ</span> <span class='ocrx_word' id='word_1_109' title='bbox 1446 1632 1588 1680; x_wconf 90' lang='lat' dir='ltr'><strong>enim</strong></span> <span class='ocrx_word' id='word_1_110' title='bbox 1623 1629 1712 1681; x_wconf 88' lang='lat' dir='ltr'><strong>hic</strong></span> <span class='ocrx_word' id='word_1_111' title='bbox 1751 1647 1857 1680; x_wconf 90' lang='lat' dir='ltr'><strong>nou</strong></span> <span class='ocrx_word' id='word_1_112' title='bbox 1896 1632 2072 1681; x_wconf 87' lang='lat' dir='ltr'><strong>minus</strong></span> 
     </span>
     <span class='ocr_line' id='line_1_19' title="bbox 551 1696 2068 1765; baseline 0.001 -16"><span class='ocrx_word' id='word_1_113' title='bbox 551 1698 823 1750; x_wconf 81' lang='lat' dir='ltr'><strong>nutiliter</strong></span> <span class='ocrx_word' id='word_1_114' title='bbox 856 1699 1096 1748; x_wconf 88' lang='lat' dir='ltr'><strong>additum</strong></span> <span class='ocrx_word' id='word_1_115' title='bbox 1122 1714 1282 1765; x_wconf 89' lang='lat' dir='ltr'><strong>quam</strong></span> <span class='ocrx_word' id='word_1_116' title='bbox 1310 1696 1495 1749; x_wconf 91' lang='grc' dir='ltr'>πολύν</span> <span class='ocrx_word' id='word_1_117' title='bbox 1539 1702 1690 1763; x_wconf 69' lang='lat' dir='ltr'><strong>Sept.</strong></span> <span class='ocrx_word' id='word_1_118' title='bbox 1721 1702 1781 1749; x_wconf 90' lang='grc'><strong>12</strong></span> <span class='ocrx_word' id='word_1_119' title='bbox 1813 1697 1919 1749; x_wconf 87' lang='grc' dir='ltr'><strong>τὸν</strong></span> <span class='ocrx_word' id='word_1_120' title='bbox 1951 1699 2068 1761; x_wconf 82' lang='grc' dir='ltr'>ἔξη-</span> 
     </span>
     <span class='ocr_line' id='line_1_20' title="bbox 549 1762 2070 1832; baseline -0.001 -14"><span class='ocrx_word' id='word_1_121' title='bbox 549 1773 652 1818; x_wconf 72' lang='grc' dir='ltr'><strong>ιιον</strong></span> <span class='ocrx_word' id='word_1_122' title='bbox 691 1765 875 1831; x_wconf 87' lang='grc' dir='ltr'>χρόνψ</span> <span class='ocrx_word' id='word_1_123' title='bbox 921 1765 1248 1832; x_wconf 85' lang='grc' dir='ltr'>βλαστημὸν</span> <span class='ocrx_word' id='word_1_124' title='bbox 1289 1762 1626 1817; x_wconf 79' lang='grc' dir='ltr'>ἀλδαίνοντα</span> <span class='ocrx_word' id='word_1_125' title='bbox 1671 1765 1934 1829; x_wconf 83' lang='grc' dir='ltr'>σώματος</span> <span class='ocrx_word' id='word_1_126' title='bbox 1972 1781 2070 1817; x_wconf 84' lang='grc' dir='ltr'><strong>πο·</strong></span> 
     </span>
     <span class='ocr_line' id='line_1_21' title="bbox 547 1832 2070 1900; baseline -0.001 -16"><span class='ocrx_word' id='word_1_127' title='bbox 547 1832 682 1895; x_wconf 81' lang='grc' dir='ltr'>.ύν,</span> <span class='ocrx_word' id='word_1_128' title='bbox 740 1836 878 1900; x_wconf 81' lang='lat' dir='ltr'><strong>quod</strong></span> <span class='ocrx_word' id='word_1_129' title='bbox 927 1835 1050 1900; x_wconf 83' lang='lat' dir='ltr'><strong>plus</strong></span> <span class='ocrx_word' id='word_1_130' title='bbox 1096 1841 1180 1884; x_wconf 85' lang='lat' dir='ltr'><strong>est</strong></span> <span class='ocrx_word' id='word_1_131' title='bbox 1225 1850 1382 1899; x_wconf 88' lang='lat' dir='ltr'><strong>quam</strong></span> <span class='ocrx_word' id='word_1_132' title='bbox 1433 1835 1500 1884; x_wconf 88' lang='lat' dir='ltr'><strong>ub</strong></span> <span class='ocrx_word' id='word_1_133' title='bbox 1537 1833 1753 1898; x_wconf 84' lang='grc' dir='ltr'>έξήβοις</span> <span class='ocrx_word' id='word_1_134' title='bbox 1798 1834 2070 1900; x_wconf 87' lang='lat' dir='ltr'><strong>postulari</strong></span> 
     </span>
     <span class='ocr_line' id='line_1_22' title="bbox 545 1899 2068 1967; baseline 0 -16"><span class='ocrx_word' id='word_1_135' title='bbox 545 1911 794 1963; x_wconf 72' lang='lat' dir='ltr'><strong>noterat,</strong></span> <span class='ocrx_word' id='word_1_136' title='bbox 841 1907 902 1952; x_wconf 88' lang='lat' dir='ltr'><strong>ut</strong></span> <span class='ocrx_word' id='word_1_137' title='bbox 939 1903 1322 1952; x_wconf 78' lang='lat' dir='ltr'><strong>animadvertit</strong></span> <span class='ocrx_word' id='word_1_138' title='bbox 1358 1917 1662 1964; x_wconf 86' lang='lat' dir='ltr'><strong>anonymus</strong></span> <span class='ocrx_word' id='word_1_139' title='bbox 1703 1904 1846 1967; x_wconf 83' lang='lat' dir='ltr'><strong>apud</strong></span> <span class='ocrx_word' id='word_1_140' title='bbox 1885 1899 2068 1954; x_wconf 87' lang='lat' dir='ltr'><strong>Butle-</strong></span> 
     </span>
     <span class='ocr_line' id='line_1_23' title="bbox 555 1967 2068 2035; baseline 0 -14"><span class='ocrx_word' id='word_1_141' title='bbox 555 1973 684 2032; x_wconf 77' lang='lat' dir='ltr'><strong>um,</strong></span> <span class='ocrx_word' id='word_1_142' title='bbox 723 1971 816 2034; x_wconf 87' lang='lat' dir='ltr'><strong>qui</strong></span> <span class='ocrx_word' id='word_1_143' title='bbox 852 1968 1020 2021; x_wconf 85' lang='grc' dir='ltr'>πάλιν</span> <span class='ocrx_word' id='word_1_144' title='bbox 1045 1970 1304 2032; x_wconf 84' lang='lat' dir='ltr'><strong>restituit,</strong></span> <span class='ocrx_word' id='word_1_145' title='bbox 1344 1969 1484 2035; x_wconf 87' lang='lat' dir='ltr'><strong>quod</strong></span> <span class='ocrx_word' id='word_1_146' title='bbox 1507 1967 1952 2021; x_wconf 73' lang='lat' dir='ltr'><strong>reinvenescendi</strong></span> <span class='ocrx_word' id='word_1_147' title='bbox 1977 1987 2068 2020; x_wconf 91' lang='lat' dir='ltr'><strong>no-</strong></span> 
     </span>
     <span class='ocr_line' id='line_1_24' title="bbox 543 2037 1688 2099; baseline -0.001 -10"><span class='ocrx_word' id='word_1_148' title='bbox 543 2038 763 2090; x_wconf 58' lang='lat' dir='ltr'><strong>donem</strong></span> <span class='ocrx_word' id='word_1_149' title='bbox 797 2038 975 2099; x_wconf 85' lang='lat' dir='ltr'><strong>habet,</strong></span> <span class='ocrx_word' id='word_1_150' title='bbox 1013 2054 1046 2086; x_wconf 89' lang='lat' dir='ltr'><strong>a</strong></span> <span class='ocrx_word' id='word_1_151' title='bbox 1087 2039 1350 2088; x_wconf 83' lang='lat' dir='ltr'><strong>tissimam</strong></span> <span class='ocrx_word' id='word_1_152' title='bbox 1388 2037 1516 2087; x_wconf 80' lang='lat' dir='ltr'><strong>huie</strong></span> <span class='ocrx_word' id='word_1_153' title='bbox 1556 2038 1688 2088; x_wconf 80' lang='lat' dir='ltr'><strong>loco,</strong></span> 
     </span>
    </p>

    <p class='ocr_par' dir='ltr' id='par_1_15' title="bbox 542 2105 2072 2442">
     <span class='ocr_line' id='line_1_25' title="bbox 611 2105 2068 2171; baseline 0.001 -15"><span class='ocrx_word' id='word_1_154' title='bbox 611 2109 722 2158; x_wconf 82' lang='grc'><strong>299</strong></span> <span class='ocrx_word' id='word_1_155' title='bbox 741 2120 791 2160; x_wconf 84' lang='lat' dir='ltr'><strong>a.</strong></span> <span class='ocrx_word' id='word_1_156' title='bbox 835 2119 1027 2167; x_wconf 86' lang='grc' dir='ltr'>πομπ</span> <span class='ocrx_word' id='word_1_157' title='bbox 1083 2120 1125 2166; x_wconf 94' lang='grc' dir='ltr'><strong>ς.</strong></span> <span class='ocrx_word' id='word_1_158' title='bbox 1172 2106 1272 2170; x_wconf 79' lang='lat' dir='ltr'><strong>Ag.</strong></span> <span class='ocrx_word' id='word_1_159' title='bbox 1298 2109 1397 2156; x_wconf 87' lang='grc'><strong>299</strong></span> <span class='ocrx_word' id='word_1_160' title='bbox 1434 2105 1675 2171; x_wconf 80' lang='grc' dir='ltr'>ἐκδοχὴν</span> <span class='ocrx_word' id='word_1_161' title='bbox 1711 2108 1941 2169; x_wconf 82' lang='grc' dir='ltr'>πομποῦ</span> <span class='ocrx_word' id='word_1_162' title='bbox 1969 2121 2068 2157; x_wconf 93' lang='grc' dir='ltr'><strong>πυ-</strong></span> 
     </span>
     <span class='ocr_line' id='line_1_26' title="bbox 542 2171 2070 2239; baseline 0 -14"><span class='ocrx_word' id='word_1_163' title='bbox 542 2171 650 2234; x_wconf 74' lang='grc' dir='ltr'><strong>&gt;6ς</strong></span> <span class='ocrx_word' id='word_1_164' title='bbox 687 2173 754 2223; x_wconf 88' lang='lat' dir='ltr'><strong>de</strong></span> <span class='ocrx_word' id='word_1_165' title='bbox 788 2176 983 2224; x_wconf 88' lang='lat' dir='ltr'><strong>nuntio</strong></span> <span class='ocrx_word' id='word_1_166' title='bbox 1020 2190 1117 2239; x_wconf 89' lang='lat' dir='ltr'><strong>per</strong></span> <span class='ocrx_word' id='word_1_167' title='bbox 1140 2174 1298 2236; x_wconf 88' lang='lat' dir='ltr'><strong>ignes</strong></span> <span class='ocrx_word' id='word_1_168' title='bbox 1336 2181 1634 2239; x_wconf 85' lang='lat' dir='ltr'><strong>propagato</strong></span> <span class='ocrx_word' id='word_1_169' title='bbox 1659 2175 1862 2224; x_wconf 89' lang='lat' dir='ltr'><strong>dictum</strong></span> <span class='ocrx_word' id='word_1_170' title='bbox 1900 2180 1986 2226; x_wconf 89' lang='lat' dir='ltr'><strong>est</strong></span> <span class='ocrx_word' id='word_1_171' title='bbox 2011 2183 2070 2225; x_wconf 91' lang='lat' dir='ltr'><strong>ut</strong></span> 
     </span>
     <span class='ocr_line' id='line_1_27' title="bbox 542 2239 2072 2307; baseline -0.001 -13"><span class='ocrx_word' id='word_1_172' title='bbox 542 2239 802 2306; x_wconf 65' lang='grc' dir='ltr'>ἰτγάρον</span> <span class='ocrx_word' id='word_1_173' title='bbox 840 2239 1018 2307; x_wconf 85' lang='grc' dir='ltr'>πυρός</span> <span class='ocrx_word' id='word_1_174' title='bbox 1054 2258 1102 2290; x_wconf 86' lang='grc' dir='ltr'><strong>ν.</strong></span> <span class='ocrx_word' id='word_1_175' title='bbox 1129 2245 1244 2298; x_wconf 85' lang='grc'><strong>282,</strong></span> <span class='ocrx_word' id='word_1_176' title='bbox 1284 2258 1442 2307; x_wconf 87' lang='lat' dir='ltr'><strong>quam</strong></span> <span class='ocrx_word' id='word_1_177' title='bbox 1468 2244 1791 2307; x_wconf 78' lang='lat' dir='ltr'><strong>scripturam</strong></span> <span class='ocrx_word' id='word_1_178' title='bbox 1829 2245 2072 2293; x_wconf 87' lang='lat' dir='ltr'><strong>servavit</strong></span> 
     </span>
     <span class='ocr_line' id='line_1_28' title="bbox 542 2308 2071 2375; baseline 0 -15"><span class='ocrx_word' id='word_1_179' title='bbox 542 2309 742 2374; x_wconf 72' lang='lat' dir='ltr'><strong>Etym.</strong></span> <span class='ocrx_word' id='word_1_180' title='bbox 767 2311 838 2360; x_wconf 82' lang='lat' dir='ltr'><strong>M.</strong></span> <span class='ocrx_word' id='word_1_181' title='bbox 879 2326 930 2375; x_wconf 85' lang='lat' dir='ltr'><strong>p.</strong></span> <span class='ocrx_word' id='word_1_182' title='bbox 955 2312 1005 2373; x_wconf 88' lang='grc'><strong>7,</strong></span> <span class='ocrx_word' id='word_1_183' title='bbox 1037 2311 1123 2359; x_wconf 80' lang='lat'><strong>18:</strong></span> <span class='ocrx_word' id='word_1_184' title='bbox 1161 2325 1286 2360; x_wconf 88' lang='lat' dir='ltr'><strong>nam</strong></span> <span class='ocrx_word' id='word_1_185' title='bbox 1322 2310 1381 2359; x_wconf 89' lang='lat' dir='ltr'><strong>in</strong></span> <span class='ocrx_word' id='word_1_186' title='bbox 1418 2310 1471 2359; x_wconf 86' lang='grc' dir='ltr'><strong>Μ</strong></span> <span class='ocrx_word' id='word_1_187' title='bbox 1507 2317 1590 2359; x_wconf 87' lang='lat' dir='ltr'><strong>est</strong></span> <span class='ocrx_word' id='word_1_188' title='bbox 1623 2308 1868 2372; x_wconf 86' lang='grc' dir='ltr'>ἀγγέλου</span> <span class='ocrx_word' id='word_1_189' title='bbox 1893 2309 2071 2375; x_wconf 89' lang='grc' dir='ltr'>πυρός</span> 
     </span>
     <span class='ocr_line' id='line_1_29' title="bbox 542 2377 998 2442; baseline -0.002 -14"><span class='ocrx_word' id='word_1_190' title='bbox 542 2393 608 2428; x_wconf 75' lang='lat' dir='ltr'><strong>sx</strong></span> <span class='ocrx_word' id='word_1_191' title='bbox 649 2377 998 2442; x_wconf 73' lang='lat' dir='ltr'><strong>glossemate.</strong></span> 
     </span>
    </p>

    <p class='ocr_par' dir='ltr' id='par_1_16' title="bbox 542 2442 2071 2782">
     <span class='ocr_line' id='line_1_30' title="bbox 609 2442 2071 2511; baseline -0.001 -15"><span class='ocrx_word' id='word_1_192' title='bbox 609 2447 720 2496; x_wconf 80' lang='grc'><strong>308</strong></span> <span class='ocrx_word' id='word_1_193' title='bbox 751 2461 799 2500; x_wconf 88' lang='lat' dir='ltr'><strong>a.</strong></span> <span class='ocrx_word' id='word_1_194' title='bbox 854 2442 1260 2510; x_wconf 88' lang='grc' dir='ltr'>προόμνυμι.</span> <span class='ocrx_word' id='word_1_195' title='bbox 1329 2447 1429 2509; x_wconf 83' lang='lat' dir='ltr'><strong>Ag.</strong></span> <span class='ocrx_word' id='word_1_196' title='bbox 1471 2447 1598 2496; x_wconf 84' lang='lat'>1196</span> <span class='ocrx_word' id='word_1_197' title='bbox 1644 2443 2071 2511; x_wconf 84' lang='grc' dir='ltr'>ἐκμαρτύρησον</span> 
     </span>
     <span class='ocr_line' id='line_1_31' title="bbox 542 2510 2069 2646; baseline -0.001 -14"><span class='ocrx_word' id='word_1_198' title='bbox 542 2510 984 2646; x_wconf 52' lang='grc' dir='ltr'><strong>Εὲἕὲἕξσῖἓὴτῖ</strong></span> <span class='ocrx_word' id='word_1_199' title='bbox 991 2512 1170 2632; x_wconf 62' lang='grc' dir='ltr'>ἐίὲξὶῗ</span> <span class='ocrx_word' id='word_1_200' title='bbox 1196 2513 1620 2632; x_wconf 53' lang='grc' dir='ltr'><strong>μέωὲζῗζὲξξὶῖζ</strong></span> <span class='ocrx_word' id='word_1_201' title='bbox 1633 2511 2069 2632; x_wconf 50' lang='grc' dir='ltr'><strong>εέἲῗῖἒὲοέἓὲξὲἱζ</strong></span> 
     </span>
     <span class='ocr_line' id='line_1_32' title="bbox 542 2649 2068 2714; baseline -0.001 -14"><span class='ocrx_word' id='word_1_202' title='bbox 542 2649 866 2713; x_wconf 75' lang='lat' dir='ltr'><strong>Gryphisw.</strong></span> <span class='ocrx_word' id='word_1_203' title='bbox 903 2664 955 2698; x_wconf 82' lang='lat' dir='ltr'><strong>a.</strong></span> <span class='ocrx_word' id='word_1_204' title='bbox 984 2651 1203 2714; x_wconf 68' lang='lat'>1854155</span> <span class='ocrx_word' id='word_1_205' title='bbox 1241 2667 1291 2714; x_wconf 84' lang='lat' dir='ltr'><strong>p.</strong></span> <span class='ocrx_word' id='word_1_206' title='bbox 1328 2653 1383 2699; x_wconf 91' lang='grc'><strong>10</strong></span> <span class='ocrx_word' id='word_1_207' title='bbox 1418 2659 1472 2699; x_wconf 89' lang='lat' dir='ltr'><strong>et</strong></span> <span class='ocrx_word' id='word_1_208' title='bbox 1506 2650 1834 2714; x_wconf 77' lang='lat' dir='ltr'><strong>Madvigius,</strong></span> <span class='ocrx_word' id='word_1_209' title='bbox 1882 2659 2068 2700; x_wconf 80' lang='lat' dir='ltr'><strong>contra</strong></span> 
     </span>
     <span class='ocr_line' id='line_1_33' title="bbox 542 2717 1740 2782; baseline 0 -16"><span class='ocrx_word' id='word_1_210' title='bbox 542 2721 742 2767; x_wconf 77' lang='lat' dir='ltr'><strong>notam</strong></span> <span class='ocrx_word' id='word_1_211' title='bbox 777 2717 844 2766; x_wconf 81' lang='lat' dir='ltr'><strong>de</strong></span> <span class='ocrx_word' id='word_1_212' title='bbox 883 2717 1072 2782; x_wconf 82' lang='lat' dir='ltr'><strong>quinto</strong></span> <span class='ocrx_word' id='word_1_213' title='bbox 1109 2717 1244 2782; x_wconf 85' lang='lat' dir='ltr'><strong>pede</strong></span> <span class='ocrx_word' id='word_1_214' title='bbox 1286 2718 1516 2767; x_wconf 82' lang='lat' dir='ltr'><strong>trimetri</strong></span> <span class='ocrx_word' id='word_1_215' title='bbox 1557 2718 1740 2781; x_wconf 87' lang='lat' dir='ltr'><strong>legem.</strong></span> 
     </span>
    </p>

    <p class='ocr_par' dir='ltr' id='par_1_17' title="bbox 542 2783 2071 3040">
     <span class='ocr_line' id='line_1_34' title="bbox 613 2783 2066 2849; baseline 0.001 -15"><span class='ocrx_word' id='word_1_216' title='bbox 613 2786 720 2834; x_wconf 80' lang='grc'><strong>317</strong></span> <span class='ocrx_word' id='word_1_217' title='bbox 744 2799 794 2835; x_wconf 80' lang='lat' dir='ltr'><strong>a.</strong></span> <span class='ocrx_word' id='word_1_218' title='bbox 844 2783 1209 2846; x_wconf 87' lang='grc' dir='ltr'>πτώσιμος.</span> <span class='ocrx_word' id='word_1_219' title='bbox 1256 2785 1355 2849; x_wconf 89' lang='lat' dir='ltr'><strong>Ag.</strong></span> <span class='ocrx_word' id='word_1_220' title='bbox 1398 2788 1525 2835; x_wconf 82' lang='grc'><strong>1122</strong></span> <span class='ocrx_word' id='word_1_221' title='bbox 1563 2784 1794 2847; x_wconf 81' lang='grc' dir='ltr'>σταγὼν</span> <span class='ocrx_word' id='word_1_222' title='bbox 1830 2785 1929 2836; x_wconf 88' lang='grc' dir='ltr'><strong>ἅτε</strong></span> <span class='ocrx_word' id='word_1_223' title='bbox 1960 2801 2066 2835; x_wconf 88' lang='grc' dir='ltr'>και-</span> 
     </span>
     <span class='ocr_line' id='line_1_35' title="bbox 542 2847 2066 2922; baseline -0.001 -18"><span class='ocrx_word' id='word_1_224' title='bbox 542 2847 646 2922; x_wconf 82' lang='grc' dir='ltr'><strong>ρία</strong></span> <span class='ocrx_word' id='word_1_225' title='bbox 705 2849 995 2914; x_wconf 83' lang='grc' dir='ltr'>πτώσιμος</span> <span class='ocrx_word' id='word_1_226' title='bbox 1059 2852 1352 2904; x_wconf 84' lang='grc' dir='ltr'>Ξυνανύτει</span> <span class='ocrx_word' id='word_1_227' title='bbox 1418 2851 1539 2915; x_wconf 88' lang='grc' dir='ltr'>βίου</span> <span class='ocrx_word' id='word_1_228' title='bbox 1594 2853 1794 2915; x_wconf 89' lang='grc' dir='ltr'>δύντος</span> <span class='ocrx_word' id='word_1_229' title='bbox 1855 2853 2066 2914; x_wconf 82' lang='grc' dir='ltr'>αὐγαῖς.</span> 
     </span>
     <span class='ocr_line' id='line_1_36' title="bbox 542 2918 2071 2987; baseline 0.001 -17"><span class='ocrx_word' id='word_1_230' title='bbox 542 2919 648 2970; x_wconf 87' lang='lat' dir='ltr'><strong>ubi</strong></span> <span class='ocrx_word' id='word_1_231' title='bbox 685 2918 995 2982; x_wconf 86' lang='grc' dir='ltr'>πτωσίμοις</span> <span class='ocrx_word' id='word_1_232' title='bbox 1033 2921 1274 2986; x_wconf 80' lang='lat' dir='ltr'><strong>Madvig.</strong></span> <span class='ocrx_word' id='word_1_233' title='bbox 1316 2920 1449 2971; x_wconf 83' lang='lat' dir='ltr'><strong>Adv,</strong></span> <span class='ocrx_word' id='word_1_234' title='bbox 1488 2921 1594 2971; x_wconf 86' lang='lat' dir='ltr'><strong>vol.</strong></span> <span class='ocrx_word' id='word_1_235' title='bbox 1640 2925 1661 2970; x_wconf 90' lang='grc'><strong>1</strong></span> <span class='ocrx_word' id='word_1_236' title='bbox 1704 2939 1756 2987; x_wconf 84' lang='lat' dir='ltr'><strong>p.</strong></span> <span class='ocrx_word' id='word_1_237' title='bbox 1797 2925 1892 2972; x_wconf 89' lang='grc'><strong>199</strong></span> <span class='ocrx_word' id='word_1_238' title='bbox 1927 2920 2071 2972; x_wconf 79' lang='lat' dir='ltr'><strong>vitae</strong></span> 
     </span>
     <span class='ocr_line' id='line_1_37' title="bbox 542 2985 1395 3040; baseline 0.001 -2"><span class='ocrx_word' id='word_1_239' title='bbox 542 2985 882 3038; x_wconf 59' lang='lat' dir='ltr'><strong>intereuntis</strong></span> <span class='ocrx_word' id='word_1_240' title='bbox 919 2985 1119 3038; x_wconf 72' lang='lat' dir='ltr'><strong>lumini</strong></span> <span class='ocrx_word' id='word_1_241' title='bbox 1160 2985 1395 3040; x_wconf 74' lang='lat' dir='ltr'><strong>cadenti.</strong></span> 
     </span>
    </p>

    <p class='ocr_par' dir='ltr' id='par_1_18' title="bbox 542 3055 2072 3926">
     <span class='ocr_line' id='line_1_38' title="bbox 619 3055 2068 3121; baseline 0.002 -15"><span class='ocrx_word' id='word_1_242' title='bbox 619 3057 724 3106; x_wconf 80' lang='grc'><strong>318</strong></span> <span class='ocrx_word' id='word_1_243' title='bbox 744 3071 792 3104; x_wconf 80' lang='grc' dir='ltr'><strong>ιι.</strong></span> <span class='ocrx_word' id='word_1_244' title='bbox 841 3056 986 3118; x_wconf 90' lang='grc' dir='ltr'>πῦρ.</span> <span class='ocrx_word' id='word_1_245' title='bbox 1039 3057 1100 3104; x_wconf 85' lang='lat' dir='ltr'><strong>ln</strong></span> <span class='ocrx_word' id='word_1_246' title='bbox 1139 3055 1259 3105; x_wconf 86' lang='lat' dir='ltr'><strong>loeo</strong></span> <span class='ocrx_word' id='word_1_247' title='bbox 1301 3057 1384 3106; x_wconf 83' lang='lat' dir='ltr'><strong>l&#39;r.</strong></span> <span class='ocrx_word' id='word_1_248' title='bbox 1409 3060 1507 3107; x_wconf 80' lang='grc'><strong>252</strong></span> <span class='ocrx_word' id='word_1_249' title='bbox 1545 3055 1663 3108; x_wconf 91' lang='grc' dir='ltr'><strong>ΠΡ.</strong></span> <span class='ocrx_word' id='word_1_250' title='bbox 1704 3057 1843 3121; x_wconf 90' lang='grc' dir='ltr'>πρὸς</span> <span class='ocrx_word' id='word_1_251' title='bbox 1879 3058 2068 3108; x_wconf 88' lang='grc' dir='ltr'>τοῖσδε</span> 
     </span>
     <span class='ocr_line' id='line_1_39' title="bbox 542 3119 2072 3187; baseline 0.001 -14"><span class='ocrx_word' id='word_1_252' title='bbox 542 3119 749 3186; x_wconf 82' lang='grc' dir='ltr'>μέντοι</span> <span class='ocrx_word' id='word_1_253' title='bbox 786 3125 898 3186; x_wconf 87' lang='grc' dir='ltr'><strong>πῦρ</strong></span> <span class='ocrx_word' id='word_1_254' title='bbox 933 3121 1046 3184; x_wconf 82' lang='grc' dir='ltr'><strong>ἐγώ</strong></span> <span class='ocrx_word' id='word_1_255' title='bbox 1084 3135 1220 3184; x_wconf 87' lang='grc' dir='ltr'>σφιν</span> <span class='ocrx_word' id='word_1_256' title='bbox 1247 3123 1466 3174; x_wconf 85' lang='grc' dir='ltr'>ὤπασα.</span> <span class='ocrx_word' id='word_1_257' title='bbox 1501 3124 1508 3187; x_wconf 92' lang='grc' dir='ltr'>Ι</span> <span class='ocrx_word' id='word_1_258' title='bbox 1541 3121 1651 3176; x_wconf 92' lang='grc' dir='ltr'>ΧΟ.</span> <span class='ocrx_word' id='word_1_259' title='bbox 1690 3127 1781 3176; x_wconf 86' lang='grc' dir='ltr'><strong>καί</strong></span> <span class='ocrx_word' id='word_1_260' title='bbox 1809 3128 1911 3175; x_wconf 88' lang='grc' dir='ltr'><strong>νῦν</strong></span> <span class='ocrx_word' id='word_1_261' title='bbox 1936 3126 2072 3184; x_wconf 88' lang='grc' dir='ltr'>φλο-</span> 
     </span>
     <span class='ocr_line' id='line_1_40' title="bbox 542 3189 2068 3255; baseline 0.001 -13"><span class='ocrx_word' id='word_1_262' title='bbox 542 3190 758 3252; x_wconf 86' lang='grc' dir='ltr'>γωπὸν</span> <span class='ocrx_word' id='word_1_263' title='bbox 794 3191 908 3255; x_wconf 85' lang='grc' dir='ltr'><strong>πῦρ</strong></span> <span class='ocrx_word' id='word_1_264' title='bbox 945 3189 1132 3254; x_wconf 76' lang='grc' dir='ltr'>ἐχουσ·</span> <span class='ocrx_word' id='word_1_265' title='bbox 1168 3189 1471 3254; x_wconf 77' lang='grc' dir='ltr'>ἐφήμεροις</span> <span class='ocrx_word' id='word_1_266' title='bbox 1512 3194 1909 3243; x_wconf 77' lang='lat' dir='ltr'><strong>inconsiderate</strong></span> <span class='ocrx_word' id='word_1_267' title='bbox 1937 3194 2068 3243; x_wconf 83' lang='lat' dir='ltr'><strong>Mei-</strong></span> 
     </span>
     <span class='ocr_line' id='line_1_41' title="bbox 542 3256 2070 3325; baseline 0.002 -17"><span class='ocrx_word' id='word_1_268' title='bbox 542 3258 750 3308; x_wconf 82' lang='lat' dir='ltr'><strong>nekius</strong></span> <span class='ocrx_word' id='word_1_269' title='bbox 799 3258 994 3310; x_wconf 88' lang='lat' dir='ltr'><strong>Philol.</strong></span> <span class='ocrx_word' id='word_1_270' title='bbox 1043 3256 1149 3307; x_wconf 87' lang='lat' dir='ltr'><strong>vol.</strong></span> <span class='ocrx_word' id='word_1_271' title='bbox 1203 3262 1262 3308; x_wconf 86' lang='grc'><strong>19</strong></span> <span class='ocrx_word' id='word_1_272' title='bbox 1315 3275 1362 3323; x_wconf 82' lang='lat' dir='ltr'><strong>p.</strong></span> <span class='ocrx_word' id='word_1_273' title='bbox 1413 3263 1508 3310; x_wconf 86' lang='grc'><strong>231</strong></span> <span class='ocrx_word' id='word_1_274' title='bbox 1567 3261 1793 3311; x_wconf 81' lang='lat' dir='ltr'><strong>alterum</strong></span> <span class='ocrx_word' id='word_1_275' title='bbox 1849 3263 1962 3325; x_wconf 85' lang='grc' dir='ltr'><strong>πῦρ</strong></span> <span class='ocrx_word' id='word_1_276' title='bbox 2007 3277 2070 3311; x_wconf 85' lang='lat' dir='ltr'><strong>ex</strong></span> 
     </span>
     <span class='ocr_line' id='line_1_42' title="bbox 542 3326 2072 3394; baseline 0.002 -18"><span class='ocrx_word' id='word_1_277' title='bbox 542 3327 878 3390; x_wconf 71' lang='lat' dir='ltr'><strong>glossemate</strong></span> <span class='ocrx_word' id='word_1_278' title='bbox 926 3341 1023 3390; x_wconf 85' lang='lat' dir='ltr'><strong>pro</strong></span> <span class='ocrx_word' id='word_1_279' title='bbox 1059 3328 1184 3389; x_wconf 84' lang='grc' dir='ltr'><strong>φῶς</strong></span> <span class='ocrx_word' id='word_1_280' title='bbox 1221 3326 1433 3376; x_wconf 87' lang='lat' dir='ltr'><strong>illatum</strong></span> <span class='ocrx_word' id='word_1_281' title='bbox 1476 3344 1594 3378; x_wconf 85' lang='lat' dir='ltr'><strong>esse</strong></span> <span class='ocrx_word' id='word_1_282' title='bbox 1631 3330 1895 3391; x_wconf 84' lang='lat' dir='ltr'><strong>coniecit,</strong></span> <span class='ocrx_word' id='word_1_283' title='bbox 1944 3333 2072 3394; x_wconf 84' lang='lat' dir='ltr'><strong>quia</strong></span> 
     </span>
     <span class='ocr_line' id='line_1_43' title="bbox 542 3393 2070 3462; baseline 0.001 -18"><span class='ocrx_word' id='word_1_284' title='bbox 542 3393 892 3460; x_wconf 72' lang='lat' dir='ltr'><strong>glossatores</strong></span> <span class='ocrx_word' id='word_1_285' title='bbox 931 3410 1036 3444; x_wconf 89' lang='lat' dir='ltr'><strong>non</strong></span> <span class='ocrx_word' id='word_1_286' title='bbox 1076 3410 1198 3443; x_wconf 86' lang='lat' dir='ltr'><strong>raro</strong></span> <span class='ocrx_word' id='word_1_287' title='bbox 1235 3395 1360 3459; x_wconf 85' lang='grc' dir='ltr'><strong>φῶς</strong></span> <span class='ocrx_word' id='word_1_288' title='bbox 1397 3412 1492 3460; x_wconf 83' lang='lat' dir='ltr'><strong>per</strong></span> <span class='ocrx_word' id='word_1_289' title='bbox 1529 3399 1642 3461; x_wconf 83' lang='grc' dir='ltr'><strong>πῡρ</strong></span> <span class='ocrx_word' id='word_1_290' title='bbox 1679 3397 1970 3462; x_wconf 76' lang='lat' dir='ltr'><strong>explicent,</strong></span> <span class='ocrx_word' id='word_1_291' title='bbox 2008 3413 2070 3446; x_wconf 82' lang='lat' dir='ltr'><strong>ex</strong></span> 
     </span>
     <span class='ocr_line' id='line_1_44' title="bbox 543 3462 2069 3530; baseline 0.001 -18"><span class='ocrx_word' id='word_1_292' title='bbox 543 3477 661 3527; x_wconf 86' lang='lat' dir='ltr'><strong>quo</strong></span> <span class='ocrx_word' id='word_1_293' title='bbox 717 3476 824 3511; x_wconf 88' lang='lat' dir='ltr'><strong>non</strong></span> <span class='ocrx_word' id='word_1_294' title='bbox 888 3462 1131 3526; x_wconf 79' lang='lat' dir='ltr'><strong>sequitur</strong></span> <span class='ocrx_word' id='word_1_295' title='bbox 1183 3464 1383 3528; x_wconf 87' lang='lat' dir='ltr'><strong>ubique</strong></span> <span class='ocrx_word' id='word_1_296' title='bbox 1441 3480 1535 3528; x_wconf 86' lang='lat' dir='ltr'><strong>pro</strong></span> <span class='ocrx_word' id='word_1_297' title='bbox 1585 3466 1696 3530; x_wconf 89' lang='grc' dir='ltr'><strong>πῦρ</strong></span> <span class='ocrx_word' id='word_1_298' title='bbox 1751 3467 1859 3514; x_wconf 79' lang='lat' dir='ltr'><strong>diei</strong></span> <span class='ocrx_word' id='word_1_299' title='bbox 1911 3481 2069 3530; x_wconf 87' lang='lat' dir='ltr'><strong>posse</strong></span> 
     </span>
     <span class='ocr_line' id='line_1_45' title="bbox 542 3526 2069 3597; baseline 0.001 -18"><span class='ocrx_word' id='word_1_300' title='bbox 542 3529 697 3595; x_wconf 84' lang='grc' dir='ltr'>φῶς,</span> <span class='ocrx_word' id='word_1_301' title='bbox 739 3529 880 3594; x_wconf 84' lang='lat' dir='ltr'><strong>quod</strong></span> <span class='ocrx_word' id='word_1_302' title='bbox 917 3530 984 3580; x_wconf 91' lang='lat' dir='ltr'><strong>ab</strong></span> <span class='ocrx_word' id='word_1_303' title='bbox 1021 3529 1124 3579; x_wconf 84' lang='lat' dir='ltr'><strong>hoe</strong></span> <span class='ocrx_word' id='word_1_304' title='bbox 1160 3526 1284 3580; x_wconf 75' lang='lat' dir='ltr'><strong>loc-d</strong></span> <span class='ocrx_word' id='word_1_305' title='bbox 1318 3546 1426 3580; x_wconf 90' lang='lat' dir='ltr'><strong>non</strong></span> <span class='ocrx_word' id='word_1_306' title='bbox 1454 3535 1628 3582; x_wconf 86' lang='lat' dir='ltr'><strong>miuus</strong></span> <span class='ocrx_word' id='word_1_307' title='bbox 1653 3533 1885 3582; x_wconf 89' lang='lat' dir='ltr'><strong>alienum</strong></span> <span class='ocrx_word' id='word_1_308' title='bbox 1912 3549 2069 3597; x_wconf 86' lang='lat' dir='ltr'><strong>quam</strong></span> 
     </span>
     <span class='ocr_line' id='line_1_46' title="bbox 543 3595 2070 3662; baseline 0.003 -16"><span class='ocrx_word' id='word_1_309' title='bbox 543 3598 624 3647; x_wconf 83' lang='lat' dir='ltr'><strong>ab</strong></span> <span class='ocrx_word' id='word_1_310' title='bbox 663 3596 788 3646; x_wconf 82' lang='lat' dir='ltr'><strong>aliis</strong></span> <span class='ocrx_word' id='word_1_311' title='bbox 824 3595 961 3647; x_wconf 86' lang='lat' dir='ltr'><strong>locis</strong></span> <span class='ocrx_word' id='word_1_312' title='bbox 997 3598 1180 3648; x_wconf 86' lang='lat' dir='ltr'><strong>multis</strong></span> <span class='ocrx_word' id='word_1_313' title='bbox 1221 3615 1261 3648; x_wconf 89' lang='lat' dir='ltr'><strong>s.</strong></span> <span class='ocrx_word' id='word_1_314' title='bbox 1291 3614 1336 3646; x_wconf 87' lang='lat' dir='ltr'><strong>v.</strong></span> <span class='ocrx_word' id='word_1_315' title='bbox 1367 3600 1478 3662; x_wconf 85' lang='grc' dir='ltr'><strong>πῦρ</strong></span> <span class='ocrx_word' id='word_1_316' title='bbox 1513 3600 1776 3661; x_wconf 71' lang='lat' dir='ltr'><strong>collectiS,</strong></span> <span class='ocrx_word' id='word_1_317' title='bbox 1814 3601 1959 3651; x_wconf 78' lang='lat' dir='ltr'><strong>velut</strong></span> <span class='ocrx_word' id='word_1_318' title='bbox 1984 3602 2070 3651; x_wconf 89' lang='lat' dir='ltr'><strong>Pr.</strong></span> 
     </span>
     <span class='ocr_line' id='line_1_47' title="bbox 543 3665 2068 3734; baseline 0.001 -18"><span class='ocrx_word' id='word_1_319' title='bbox 543 3667 653 3716; x_wconf 76' lang='lat'><strong>612</strong></span> <span class='ocrx_word' id='word_1_320' title='bbox 701 3667 876 3727; x_wconf 87' lang='grc' dir='ltr'>πυρὸς</span> <span class='ocrx_word' id='word_1_321' title='bbox 923 3666 1142 3728; x_wconf 83' lang='grc' dir='ltr'>βροτοῖς</span> <span class='ocrx_word' id='word_1_322' title='bbox 1188 3665 1381 3729; x_wconf 83' lang='grc' dir='ltr'>δοτῆρ’</span> <span class='ocrx_word' id='word_1_323' title='bbox 1426 3668 1558 3731; x_wconf 76' lang='grc' dir='ltr'>ὁρᾷς</span> <span class='ocrx_word' id='word_1_324' title='bbox 1595 3667 1926 3734; x_wconf 82' lang='grc' dir='ltr'>Προμηθέα,</span> <span class='ocrx_word' id='word_1_325' title='bbox 1979 3670 2068 3719; x_wconf 87' lang='lat' dir='ltr'><strong>ubi</strong></span> 
     </span>
     <span class='ocr_line' id='line_1_48' title="bbox 545 3733 2067 3814; baseline 0.002 -32"><span class='ocrx_word' id='word_1_326' title='bbox 545 3748 780 3814; x_wconf 71' lang='lat' dir='ltr'><strong>prorsus</strong></span> <span class='ocrx_word' id='word_1_327' title='bbox 821 3734 1064 3798; x_wconf 85' lang='lat' dir='ltr'><strong>ineptum</strong></span> <span class='ocrx_word' id='word_1_328' title='bbox 1101 3734 1242 3783; x_wconf 84' lang='lat' dir='ltr'><strong>foret</strong></span> <span class='ocrx_word' id='word_1_329' title='bbox 1277 3733 1459 3796; x_wconf 83' lang='grc' dir='ltr'>φάους</span> <span class='ocrx_word' id='word_1_330' title='bbox 1497 3736 1734 3800; x_wconf 82' lang='grc' dir='ltr'>δοτῆ.α,</span> <span class='ocrx_word' id='word_1_331' title='bbox 1785 3736 1927 3803; x_wconf 89' lang='lat' dir='ltr'><strong>quod</strong></span> <span class='ocrx_word' id='word_1_332' title='bbox 1964 3753 2067 3786; x_wconf 87' lang='lat' dir='ltr'><strong>non</strong></span> 
     </span>
     <span class='ocr_line' id='line_1_49' title="bbox 543 3802 2070 3870; baseline 0.003 -20"><span class='ocrx_word' id='word_1_333' title='bbox 543 3806 893 3850; x_wconf 66' lang='lat' dir='ltr'><strong>inventorem</strong></span> <span class='ocrx_word' id='word_1_334' title='bbox 932 3802 1078 3864; x_wconf 88' lang='lat' dir='ltr'><strong>ignis</strong></span> <span class='ocrx_word' id='word_1_335' title='bbox 1116 3802 1471 3865; x_wconf 75' lang='lat' dir='ltr'><strong>signiticaret,</strong></span> <span class='ocrx_word' id='word_1_336' title='bbox 1510 3805 1604 3854; x_wconf 84' lang='lat' dir='ltr'><strong>sed</strong></span> <span class='ocrx_word' id='word_1_337' title='bbox 1640 3821 1758 3855; x_wconf 89' lang='lat' dir='ltr'><strong>eum</strong></span> <span class='ocrx_word' id='word_1_338' title='bbox 1796 3810 1888 3870; x_wconf 89' lang='lat' dir='ltr'><strong>qui</strong></span> <span class='ocrx_word' id='word_1_339' title='bbox 1927 3811 2070 3854; x_wconf 87' lang='lat' dir='ltr'><strong>tene-</strong></span> 
     </span>
     <span class='ocr_line' id='line_1_50' title="bbox 542 3867 1802 3926; baseline 0.006 -8"><span class='ocrx_word' id='word_1_340' title='bbox 542 3867 680 3919; x_wconf 82' lang='lat' dir='ltr'><strong>bras</strong></span> <span class='ocrx_word' id='word_1_341' title='bbox 717 3869 770 3917; x_wconf 89' lang='lat' dir='ltr'><strong>in</strong></span> <span class='ocrx_word' id='word_1_342' title='bbox 811 3868 979 3918; x_wconf 85' lang='lat' dir='ltr'><strong>lucem</strong></span> <span class='ocrx_word' id='word_1_343' title='bbox 1016 3871 1328 3920; x_wconf 79' lang='lat' dir='ltr'><strong>mutaverit.</strong></span> <span class='ocrx_word' id='word_1_344' title='bbox 1789 3915 1802 3926; x_wconf 93' lang='lat'><strong>.</strong></span> 
     </span>
    </p>

    <p class='ocr_par' dir='ltr' id='par_1_19' title="bbox 545 3935 2072 4542">
     <span class='ocr_line' id='line_1_51' title="bbox 617 3935 2069 4005; baseline 0.003 -19"><span class='ocrx_word' id='word_1_345' title='bbox 617 3938 782 3986; x_wconf 81' lang='lat'><strong>3181·.</strong></span> <span class='ocrx_word' id='word_1_346' title='bbox 809 3935 1220 4001; x_wconf 88' lang='grc' dir='ltr'>πυραύστης.</span> <span class='ocrx_word' id='word_1_347' title='bbox 1275 3939 1466 3988; x_wconf 81' lang='lat' dir='ltr'><strong>Mirari</strong></span> <span class='ocrx_word' id='word_1_348' title='bbox 1493 3956 1573 3989; x_wconf 89' lang='lat' dir='ltr'><strong>me</strong></span> <span class='ocrx_word' id='word_1_349' title='bbox 1605 3941 1717 3990; x_wconf 76' lang='lat' dir='ltr'><strong>«lixi</strong></span> <span class='ocrx_word' id='word_1_350' title='bbox 1742 3940 2069 4005; x_wconf 86' lang='grc' dir='ltr'>πυραύστου</span> 
     </span>
     <span class='ocr_line' id='line_1_52' title="bbox 547 4001 2070 4070; baseline 0.003 -16"><span class='ocrx_word' id='word_1_351' title='bbox 547 4001 769 4067; x_wconf 77' lang='lat' dir='ltr'><strong>syllaba</strong></span> <span class='ocrx_word' id='word_1_352' title='bbox 822 4005 993 4068; x_wconf 82' lang='lat' dir='ltr'><strong>prima</strong></span> <span class='ocrx_word' id='word_1_353' title='bbox 1049 4005 1309 4070; x_wconf 80' lang='lat' dir='ltr'><strong>producta</strong></span> <span class='ocrx_word' id='word_1_354' title='bbox 1345 4004 1552 4057; x_wconf 83' lang='lat' dir='ltr'><strong>dictum</strong></span> <span class='ocrx_word' id='word_1_355' title='bbox 1601 4009 1662 4058; x_wconf 80' lang='lat' dir='ltr'><strong>fr.</strong></span> <span class='ocrx_word' id='word_1_356' title='bbox 1700 4013 1798 4060; x_wconf 85' lang='lat'><strong>303</strong></span> <span class='ocrx_word' id='word_1_357' title='bbox 1851 4008 2070 4060; x_wconf 85' lang='grc' dir='ltr'>δέδοικα</span> 
     </span>
     <span class='ocr_line' id='line_1_53' title="bbox 547 4070 2071 4141; baseline 0.003 -20"><span class='ocrx_word' id='word_1_358' title='bbox 547 4070 747 4134; x_wconf 88' lang='grc' dir='ltr'>μωρὸν</span> <span class='ocrx_word' id='word_1_359' title='bbox 772 4073 949 4132; x_wconf 87' lang='grc' dir='ltr'>κάρτα</span> <span class='ocrx_word' id='word_1_360' title='bbox 976 4073 1304 4137; x_wconf 89' lang='grc' dir='ltr'>πυραύστου</span> <span class='ocrx_word' id='word_1_361' title='bbox 1332 4075 1524 4138; x_wconf 86' lang='grc' dir='ltr'>μόρον,</span> <span class='ocrx_word' id='word_1_362' title='bbox 1566 4076 1706 4141; x_wconf 86' lang='lat' dir='ltr'><strong>quod</strong></span> <span class='ocrx_word' id='word_1_363' title='bbox 1740 4077 2071 4126; x_wconf 85' lang='lat' dir='ltr'><strong>Meinekium</strong></span> 
     </span>
     <span class='ocr_line' id='line_1_54' title="bbox 545 4139 2069 4208; baseline 0.002 -18"><span class='ocrx_word' id='word_1_364' title='bbox 545 4155 770 4204; x_wconf 88' lang='lat' dir='ltr'><strong>quoqne</strong></span> <span class='ocrx_word' id='word_1_365' title='bbox 797 4139 1051 4200; x_wconf 79' lang='lat' dir='ltr'><strong>offendit,</strong></span> <span class='ocrx_word' id='word_1_366' title='bbox 1091 4143 1179 4207; x_wconf 89' lang='lat' dir='ltr'><strong>qui</strong></span> <span class='ocrx_word' id='word_1_367' title='bbox 1219 4142 1580 4206; x_wconf 88' lang='grc' dir='ltr'>πυρκαύστου</span> <span class='ocrx_word' id='word_1_368' title='bbox 1608 4145 1784 4207; x_wconf 88' lang='grc' dir='ltr'>μόρον</span> <span class='ocrx_word' id='word_1_369' title='bbox 1821 4145 2069 4208; x_wconf 86' lang='lat' dir='ltr'><strong>coniecit,</strong></span> 
     </span>
     <span class='ocr_line' id='line_1_55' title="bbox 545 4209 2069 4276; baseline 0.004 -20"><span class='ocrx_word' id='word_1_370' title='bbox 545 4211 605 4256; x_wconf 89' lang='lat' dir='ltr'><strong>et</strong></span> <span class='ocrx_word' id='word_1_371' title='bbox 641 4213 788 4257; x_wconf 87' lang='lat' dir='ltr'><strong>recte</strong></span> <span class='ocrx_word' id='word_1_372' title='bbox 826 4209 1077 4262; x_wconf 79' lang='lat' dir='ltr'><strong>fortasse.</strong></span> <span class='ocrx_word' id='word_1_373' title='bbox 1149 4211 1286 4259; x_wconf 78' lang='lat' dir='ltr'><strong>Nam</strong></span> <span class='ocrx_word' id='word_1_374' title='bbox 1321 4212 1462 4275; x_wconf 89' lang='lat' dir='ltr'><strong>quod</strong></span> <span class='ocrx_word' id='word_1_375' title='bbox 1511 4214 1842 4276; x_wconf 87' lang='grc' dir='ltr'>πυραύστης</span> <span class='ocrx_word' id='word_1_376' title='bbox 1877 4213 2069 4263; x_wconf 90' lang='lat' dir='ltr'><strong>multo-</strong></span> 
     </span>
     <span class='ocr_line' id='line_1_56' title="bbox 547 4277 2070 4342; baseline 0.001 -16"><span class='ocrx_word' id='word_1_377' title='bbox 547 4290 670 4326; x_wconf 88' lang='lat' dir='ltr'><strong>rum</strong></span> <span class='ocrx_word' id='word_1_378' title='bbox 709 4277 1060 4341; x_wconf 87' lang='lat' dir='ltr'><strong>scriptorum,</strong></span> <span class='ocrx_word' id='word_1_379' title='bbox 1100 4279 1189 4342; x_wconf 89' lang='lat' dir='ltr'><strong>qui</strong></span> <span class='ocrx_word' id='word_1_380' title='bbox 1219 4280 1445 4328; x_wconf 77' lang='lat' dir='ltr'><strong>indicati</strong></span> <span class='ocrx_word' id='word_1_381' title='bbox 1487 4285 1615 4329; x_wconf 89' lang='lat' dir='ltr'><strong>sunt</strong></span> <span class='ocrx_word' id='word_1_382' title='bbox 1640 4281 1697 4328; x_wconf 91' lang='lat' dir='ltr'><strong>in</strong></span> <span class='ocrx_word' id='word_1_383' title='bbox 1720 4280 1883 4330; x_wconf 88' lang='lat' dir='ltr'><strong>Thes.</strong></span> <span class='ocrx_word' id='word_1_384' title='bbox 1912 4281 2015 4330; x_wconf 89' lang='lat' dir='ltr'><strong>vol.</strong></span> <span class='ocrx_word' id='word_1_385' title='bbox 2041 4284 2070 4329; x_wconf 84' lang='lat'>6</span> 
     </span>
     <span class='ocr_line' id='line_1_57' title="bbox 546 4345 2071 4412; baseline 0.002 -18"><span class='ocrx_word' id='word_1_386' title='bbox 546 4359 602 4410; x_wconf 81' lang='lat' dir='ltr'><strong>p.</strong></span> <span class='ocrx_word' id='word_1_387' title='bbox 639 4345 802 4403; x_wconf 78' lang='lat'><strong>2252,</strong></span> <span class='ocrx_word' id='word_1_388' title='bbox 863 4360 1131 4396; x_wconf 84' lang='lat' dir='ltr'><strong>consensu</strong></span> <span class='ocrx_word' id='word_1_389' title='bbox 1169 4347 1544 4396; x_wconf 80' lang='lat' dir='ltr'><strong>confirmatum</strong></span> <span class='ocrx_word' id='word_1_390' title='bbox 1581 4354 1692 4409; x_wconf 80' lang='lat' dir='ltr'><strong>est,</strong></span> <span class='ocrx_word' id='word_1_391' title='bbox 1746 4348 2071 4412; x_wconf 74' lang='lat' dir='ltr'><strong>Aeschylum</strong></span> 
     </span>
     <span class='ocr_line' id='line_1_58' title="bbox 547 4414 2072 4478; baseline 0.002 -16"><span class='ocrx_word' id='word_1_392' title='bbox 547 4425 660 4462; x_wconf 83' lang='lat' dir='ltr'><strong>non</strong></span> <span class='ocrx_word' id='word_1_393' title='bbox 717 4416 933 4475; x_wconf 87' lang='lat' dir='ltr'><strong>poterat</strong></span> <span class='ocrx_word' id='word_1_394' title='bbox 995 4414 1254 4477; x_wconf 88' lang='lat' dir='ltr'><strong>impedire</strong></span> <span class='ocrx_word' id='word_1_395' title='bbox 1321 4416 1605 4478; x_wconf 81' lang='lat' dir='ltr'><strong>quominus</strong></span> <span class='ocrx_word' id='word_1_396' title='bbox 1670 4418 1833 4465; x_wconf 84' lang='lat' dir='ltr'><strong>metri</strong></span> <span class='ocrx_word' id='word_1_397' title='bbox 1900 4433 2072 4466; x_wconf 81' lang='lat' dir='ltr'><strong>causa</strong></span> 
     </span>
     <span class='ocr_line' id='line_1_59' title="bbox 547 4476 1174 4542; baseline -0.002 -11"><span class='ocrx_word' id='word_1_398' title='bbox 547 4476 913 4542; x_wconf 85' lang='grc' dir='ltr'>πυρκαύστου</span> <span class='ocrx_word' id='word_1_399' title='bbox 953 4481 1174 4531; x_wconf 89' lang='lat' dir='ltr'><strong>diceret.</strong></span> 
     </span>
    </p>

    <p class='ocr_par' dir='ltr' id='par_1_20' title="bbox 545 4547 2072 4820">
     <span class='ocr_line' id='line_1_60' title="bbox 619 4547 2072 4616; baseline 0.004 -20"><span class='ocrx_word' id='word_1_400' title='bbox 619 4549 719 4596; x_wconf 92' lang='grc'><strong>319</strong></span> <span class='ocrx_word' id='word_1_401' title='bbox 738 4562 786 4600; x_wconf 87' lang='lat' dir='ltr'><strong>a.</strong></span> <span class='ocrx_word' id='word_1_402' title='bbox 832 4547 1208 4612; x_wconf 88' lang='grc' dir='ltr'>πυρφόρος.</span> <span class='ocrx_word' id='word_1_403' title='bbox 1283 4549 1548 4600; x_wconf 78' lang='lat' dir='ltr'><strong>Fabulam</strong></span> <span class='ocrx_word' id='word_1_404' title='bbox 1584 4567 1722 4616; x_wconf 80' lang='lat' dir='ltr'><strong>quae</strong></span> <span class='ocrx_word' id='word_1_405' title='bbox 1774 4569 1807 4601; x_wconf 89' lang='lat' dir='ltr'><strong>a</strong></span> <span class='ocrx_word' id='word_1_406' title='bbox 1851 4551 2072 4602; x_wconf 81' lang='lat' dir='ltr'><strong>Polluce</strong></span> 
     </span>
     <span class='ocr_line' id='line_1_61' title="bbox 545 4611 2072 4680; baseline 0.003 -14"><span class='ocrx_word' id='word_1_407' title='bbox 545 4611 888 4678; x_wconf 85' lang='grc' dir='ltr'>Προμηθεὺς</span> <span class='ocrx_word' id='word_1_408' title='bbox 925 4615 1204 4680; x_wconf 89' lang='grc' dir='ltr'>πυρκαεύς</span> <span class='ocrx_word' id='word_1_409' title='bbox 1242 4617 1447 4668; x_wconf 85' lang='lat' dir='ltr'><strong>dieitur</strong></span> <span class='ocrx_word' id='word_1_410' title='bbox 1500 4635 1604 4668; x_wconf 87' lang='lat' dir='ltr'><strong>non</strong></span> <span class='ocrx_word' id='word_1_411' title='bbox 1644 4619 1911 4670; x_wconf 81' lang='lat' dir='ltr'><strong>diversam</strong></span> <span class='ocrx_word' id='word_1_412' title='bbox 1954 4636 2072 4671; x_wconf 83' lang='lat' dir='ltr'><strong>esse</strong></span> 
     </span>
     <span class='ocr_line' id='line_1_62' title="bbox 549 4680 2068 4750; baseline 0.004 -18"><span class='ocrx_word' id='word_1_413' title='bbox 549 4695 588 4732; x_wconf 76' lang='lat' dir='ltr'><strong>a</strong></span> <span class='ocrx_word' id='word_1_414' title='bbox 632 4680 926 4746; x_wconf 77' lang='grc' dir='ltr'>Προμηθεῖ</span> <span class='ocrx_word' id='word_1_415' title='bbox 972 4684 1253 4750; x_wconf 83' lang='grc' dir='ltr'>πυρφόρῳ</span> <span class='ocrx_word' id='word_1_416' title='bbox 1300 4687 1504 4750; x_wconf 88' lang='lat' dir='ltr'><strong>primus</strong></span> <span class='ocrx_word' id='word_1_417' title='bbox 1553 4688 1786 4737; x_wconf 90' lang='lat' dir='ltr'><strong>omnium</strong></span> <span class='ocrx_word' id='word_1_418' title='bbox 1833 4689 2068 4738; x_wconf 85' lang='lat' dir='ltr'><strong>animad-</strong></span> 
     </span>
     <span class='ocr_line' id='line_1_63' title="bbox 549 4749 1954 4820; baseline 0.006 -20"><span class='ocrx_word' id='word_1_419' title='bbox 549 4751 726 4800; x_wconf 82' lang='lat' dir='ltr'><strong>vertit</strong></span> <span class='ocrx_word' id='word_1_420' title='bbox 764 4750 830 4801; x_wconf 86' lang='lat' dir='ltr'><strong>H.</strong></span> <span class='ocrx_word' id='word_1_421' title='bbox 869 4749 1177 4815; x_wconf 82' lang='lat' dir='ltr'><strong>Stephanus</strong></span> <span class='ocrx_word' id='word_1_422' title='bbox 1215 4754 1268 4801; x_wconf 77' lang='lat' dir='ltr'><strong>ln</strong></span> <span class='ocrx_word' id='word_1_423' title='bbox 1306 4752 1467 4807; x_wconf 78' lang='lat' dir='ltr'><strong>&#39;1&#39;hes.</strong></span> <span class='ocrx_word' id='word_1_424' title='bbox 1509 4754 1610 4803; x_wconf 83' lang='lat' dir='ltr'><strong>vol.</strong></span> <span class='ocrx_word' id='word_1_425' title='bbox 1651 4757 1681 4804; x_wconf 87' lang='grc'><strong>6</strong></span> <span class='ocrx_word' id='word_1_426' title='bbox 1718 4772 1767 4820; x_wconf 90' lang='lat' dir='ltr'><strong>p.</strong></span> <span class='ocrx_word' id='word_1_427' title='bbox 1806 4759 1954 4809; x_wconf 76' lang='grc'><strong>2272.</strong></span> 
     </span>
    </p>

    <p class='ocr_par' dir='ltr' id='par_1_21' title="bbox 544 4819 2071 5224">
     <span class='ocr_line' id='line_1_64' title="bbox 620 4819 2070 4889; baseline 0.003 -21"><span class='ocrx_word' id='word_1_428' title='bbox 620 4819 719 4868; x_wconf 83' lang='grc'><strong>327</strong></span> <span class='ocrx_word' id='word_1_429' title='bbox 738 4834 786 4866; x_wconf 88' lang='lat' dir='ltr'><strong>a.</strong></span> <span class='ocrx_word' id='word_1_430' title='bbox 835 4820 1108 4883; x_wconf 85' lang='grc' dir='ltr'>σκῆψις.</span> <span class='ocrx_word' id='word_1_431' title='bbox 1157 4821 1255 4884; x_wconf 80' lang='lat' dir='ltr'><strong>Ag.</strong></span> <span class='ocrx_word' id='word_1_432' title='bbox 1281 4823 1379 4871; x_wconf 84' lang='grc'><strong>886</strong></span> <span class='ocrx_word' id='word_1_433' title='bbox 1416 4820 1601 4874; x_wconf 88' lang='grc' dir='ltr'>τοιάδε</span> <span class='ocrx_word' id='word_1_434' title='bbox 1639 4823 1831 4885; x_wconf 89' lang='grc' dir='ltr'>μέντοι</span> <span class='ocrx_word' id='word_1_435' title='bbox 1867 4827 2070 4889; x_wconf 88' lang='grc' dir='ltr'>σκῆψις</span> 
     </span>
     <span class='ocr_line' id='line_1_65' title="bbox 547 4883 2071 4955; baseline 0.003 -19"><span class='ocrx_word' id='word_1_436' title='bbox 547 4883 620 4936; x_wconf 84' lang='grc' dir='ltr'><strong>οὐ</strong></span> <span class='ocrx_word' id='word_1_437' title='bbox 657 4884 827 4936; x_wconf 89' lang='grc' dir='ltr'>δόλον</span> <span class='ocrx_word' id='word_1_438' title='bbox 864 4887 1040 4950; x_wconf 80' lang='grc' dir='ltr'>φέρει.</span> <span class='ocrx_word' id='word_1_439' title='bbox 1113 4886 1266 4939; x_wconf 85' lang='lat' dir='ltr'><strong>“Non</strong></span> <span class='ocrx_word' id='word_1_440' title='bbox 1301 4890 1461 4939; x_wconf 85' lang='lat' dir='ltr'><strong>video</strong></span> <span class='ocrx_word' id='word_1_441' title='bbox 1499 4907 1637 4955; x_wconf 85' lang='lat' dir='ltr'><strong>quae</strong></span> <span class='ocrx_word' id='word_1_442' title='bbox 1675 4895 1879 4955; x_wconf 89' lang='grc' dir='ltr'>σκῆψις</span> <span class='ocrx_word' id='word_1_443' title='bbox 1918 4892 2071 4942; x_wconf 82' lang='lat' dir='ltr'><strong>intel-</strong></span> 
     </span>
     <span class='ocr_line' id='line_1_66' title="bbox 547 4953 2071 5024; baseline 0.004 -21"><span class='ocrx_word' id='word_1_444' title='bbox 547 4953 782 5016; x_wconf 64' lang='lat' dir='ltr'><strong>ligatur-3</strong></span> <span class='ocrx_word' id='word_1_445' title='bbox 841 4956 1082 5020; x_wconf 81' lang='lat' dir='ltr'>Strophii</span> <span class='ocrx_word' id='word_1_446' title='bbox 1127 4956 1548 5008; x_wconf 80' lang='lat' dir='ltr'><strong>admonitionem</strong></span> <span class='ocrx_word' id='word_1_447' title='bbox 1591 4959 1658 5008; x_wconf 85' lang='lat' dir='ltr'><strong>de</strong></span> <span class='ocrx_word' id='word_1_448' title='bbox 1709 4961 1963 5024; x_wconf 80' lang='lat' dir='ltr'><strong>perieulis</strong></span> <span class='ocrx_word' id='word_1_449' title='bbox 2016 4966 2071 5010; x_wconf 91' lang='lat' dir='ltr'><strong>et</strong></span> 
     </span>
     <span class='ocr_line' id='line_1_67' title="bbox 547 5024 2071 5092; baseline 0.004 -21"><span class='ocrx_word' id='word_1_450' title='bbox 547 5027 718 5071; x_wconf 80' lang='lat' dir='ltr'><strong>cauta</strong></span> <span class='ocrx_word' id='word_1_451' title='bbox 755 5037 936 5072; x_wconf 89' lang='lat' dir='ltr'><strong>eorum</strong></span> <span class='ocrx_word' id='word_1_452' title='bbox 973 5025 1284 5087; x_wconf 84' lang='lat' dir='ltr'><strong>provisione</strong></span> <span class='ocrx_word' id='word_1_453' title='bbox 1323 5024 1761 5091; x_wconf 82' lang='lat' dir='ltr'><strong>Clytaemnestra</strong></span> <span class='ocrx_word' id='word_1_454' title='bbox 1797 5028 2071 5092; x_wconf 85' lang='lat' dir='ltr'><strong>significa-</strong></span> 
     </span>
     <span class='ocr_line' id='line_1_68' title="bbox 547 5089 2068 5157; baseline 0.007 -21"><span class='ocrx_word' id='word_1_455' title='bbox 547 5099 738 5149; x_wconf 85' lang='lat' dir='ltr'><strong>verat;</strong></span> <span class='ocrx_word' id='word_1_456' title='bbox 780 5107 846 5139; x_wconf 89' lang='lat' dir='ltr'><strong>ea</strong></span> <span class='ocrx_word' id='word_1_457' title='bbox 872 5089 1067 5154; x_wconf 83' lang='grc' dir='ltr'>σκέψις</span> <span class='ocrx_word' id='word_1_458' title='bbox 1093 5092 1277 5157; x_wconf 85' lang='lat' dir='ltr'><strong>potius</strong></span> <span class='ocrx_word' id='word_1_459' title='bbox 1303 5109 1423 5144; x_wconf 86' lang='lat' dir='ltr'><strong>esse</strong></span> <span class='ocrx_word' id='word_1_460' title='bbox 1448 5094 1718 5153; x_wconf 84' lang='lat' dir='ltr'><strong>videtur‚’‘</strong></span> <span class='ocrx_word' id='word_1_461' title='bbox 1761 5095 2068 5147; x_wconf 79' lang='lat' dir='ltr'><strong>MADVIG.</strong></span> 
     </span>
     <span class='ocr_line' id='line_1_69' title="bbox 544 5155 1236 5224; baseline 0.007 -17"><span class='ocrx_word' id='word_1_462' title='bbox 544 5155 776 5207; x_wconf 82' lang='lat' dir='ltr'><strong>Advers.</strong></span> <span class='ocrx_word' id='word_1_463' title='bbox 814 5158 918 5209; x_wconf 77' lang='lat' dir='ltr'><strong>vol.</strong></span> <span class='ocrx_word' id='word_1_464' title='bbox 967 5162 988 5208; x_wconf 87' lang='grc'><strong>1</strong></span> <span class='ocrx_word' id='word_1_465' title='bbox 1031 5175 1083 5224; x_wconf 87' lang='lat' dir='ltr'><strong>p.</strong></span> <span class='ocrx_word' id='word_1_466' title='bbox 1126 5162 1236 5212; x_wconf 80' lang='lat'><strong>194.</strong></span> 
     </span>
    </p>

    <p class='ocr_par' dir='ltr' id='par_1_22' title="bbox 544 5224 2070 5430">
     <span class='ocr_line' id='line_1_70' title="bbox 619 5224 2070 5297; baseline 0.006 -24"><span class='ocrx_word' id='word_1_467' title='bbox 619 5226 714 5274; x_wconf 76' lang='lat'><strong>341</strong></span> <span class='ocrx_word' id='word_1_468' title='bbox 739 5241 788 5274; x_wconf 91' lang='lat' dir='ltr'><strong>a.</strong></span> <span class='ocrx_word' id='word_1_469' title='bbox 836 5224 977 5276; x_wconf 91' lang='grc' dir='ltr'>σύν.</span> <span class='ocrx_word' id='word_1_470' title='bbox 1028 5227 1124 5278; x_wconf 87' lang='lat' dir='ltr'><strong>Cb.</strong></span> <span class='ocrx_word' id='word_1_471' title='bbox 1155 5231 1283 5279; x_wconf 84' lang='lat'>1012</span> <span class='ocrx_word' id='word_1_472' title='bbox 1319 5227 1502 5294; x_wconf 87' lang='grc' dir='ltr'>φόνου</span> <span class='ocrx_word' id='word_1_473' title='bbox 1539 5229 1601 5281; x_wconf 86' lang='grc' dir='ltr'><strong>δὲ</strong></span> <span class='ocrx_word' id='word_1_474' title='bbox 1626 5231 1783 5296; x_wconf 85' lang='grc' dir='ltr'>κηκὶς</span> <span class='ocrx_word' id='word_1_475' title='bbox 1820 5231 1918 5282; x_wconf 84' lang='grc' dir='ltr'><strong>ξὺν</strong></span> <span class='ocrx_word' id='word_1_476' title='bbox 1944 5231 2070 5297; x_wconf 89' lang='grc' dir='ltr'>χρό-</span> 
     </span>
     <span class='ocr_line' id='line_1_71' title="bbox 545 5292 2070 5360; baseline 0.006 -18"><span class='ocrx_word' id='word_1_477' title='bbox 545 5307 634 5356; x_wconf 84' lang='grc' dir='ltr'><strong>νῳ</strong></span> <span class='ocrx_word' id='word_1_478' title='bbox 673 5292 1052 5355; x_wconf 84' lang='grc' dir='ltr'>ξυμβάλλεται.</span> <span class='ocrx_word' id='word_1_479' title='bbox 1115 5298 1300 5360; x_wconf 80' lang='lat' dir='ltr'><strong>Recte,</strong></span> <span class='ocrx_word' id='word_1_480' title='bbox 1337 5303 1398 5348; x_wconf 91' lang='lat' dir='ltr'><strong>ut</strong></span> <span class='ocrx_word' id='word_1_481' title='bbox 1433 5297 1648 5348; x_wconf 87' lang='lat' dir='ltr'><strong>videtur</strong></span> <span class='ocrx_word' id='word_1_482' title='bbox 1683 5300 2070 5351; x_wconf 87' lang='lat' dir='ltr'><strong>Herwerdenus</strong></span> 
     </span>
     <span class='ocr_line' id='line_1_72' title="bbox 544 5363 1613 5430; baseline 0.004 -18"><span class='ocrx_word' id='word_1_483' title='bbox 544 5363 752 5412; x_wconf 81' lang='lat' dir='ltr'><strong>Annot.</strong></span> <span class='ocrx_word' id='word_1_484' title='bbox 790 5367 864 5422; x_wconf 80' lang='lat' dir='ltr'><strong>(a.</strong></span> <span class='ocrx_word' id='word_1_485' title='bbox 909 5365 1057 5425; x_wconf 84' lang='lat'>1876)</span> <span class='ocrx_word' id='word_1_486' title='bbox 1136 5402 1146 5414; x_wconf 95' lang='lat'><strong>.</strong></span> <span class='ocrx_word' id='word_1_487' title='bbox 1186 5367 1244 5414; x_wconf 84' lang='lat'><strong>21</strong></span> <span class='ocrx_word' id='word_1_488' title='bbox 1286 5368 1371 5430; x_wconf 84' lang='grc' dir='ltr'><strong>τῷ</strong></span> <span class='ocrx_word' id='word_1_489' title='bbox 1407 5365 1613 5430; x_wconf 88' lang='grc' dir='ltr'>χρόνῳ.</span> 
     </span>
    </p>

    <p class='ocr_par' dir='ltr' id='par_1_23' title="bbox 543 5379 2070 5632">
     <span class='ocr_line' id='line_1_73' title="bbox 617 5379 2070 5494; baseline 0.005 -16"><span class='ocrx_word' id='word_1_490' title='bbox 617 5431 719 5480; x_wconf 83' lang='lat'><strong>343</strong></span> <span class='ocrx_word' id='word_1_491' title='bbox 741 5429 787 5482; x_wconf 91' lang='lat' dir='ltr'><strong>b.</strong></span> <span class='ocrx_word' id='word_1_492' title='bbox 853 5379 1171 5494; x_wconf 66' lang='lat' dir='ltr'><strong>ouvai&#39;q.</strong></span> <span class='ocrx_word' id='word_1_493' title='bbox 1252 5433 1342 5486; x_wconf 87' lang='lat' dir='ltr'><strong>Pr.</strong></span> <span class='ocrx_word' id='word_1_494' title='bbox 1388 5436 1481 5484; x_wconf 86' lang='lat'><strong>311</strong></span> <span class='ocrx_word' id='word_1_495' title='bbox 1538 5461 1596 5469; x_wconf 95' lang='lat'>—</span> <span class='ocrx_word' id='word_1_496' title='bbox 1644 5435 1845 5487; x_wconf 78' lang='grc' dir='ltr'>ποδοῖν</span> <span class='ocrx_word' id='word_1_497' title='bbox 1898 5437 2070 5488; x_wconf 84' lang='grc' dir='ltr'>ξυνω-</span> 
     </span>
     <span class='ocr_line' id='line_1_74' title="bbox 543 5492 2069 5565; baseline 0.005 -19"><span class='ocrx_word' id='word_1_498' title='bbox 543 5492 734 5563; x_wconf 76' lang='grc' dir='ltr'>ρίδαἻ</span> <span class='ocrx_word' id='word_1_499' title='bbox 787 5497 965 5548; x_wconf 87' lang='lat' dir='ltr'><strong>Verba</strong></span> <span class='ocrx_word' id='word_1_500' title='bbox 1002 5498 1070 5548; x_wconf 90' lang='lat' dir='ltr'><strong>ab</strong></span> <span class='ocrx_word' id='word_1_501' title='bbox 1109 5500 1400 5565; x_wconf 86' lang='lat' dir='ltr'><strong>typotheta</strong></span> <span class='ocrx_word' id='word_1_502' title='bbox 1448 5502 1684 5552; x_wconf 82' lang='lat' dir='ltr'><strong>traiecta</strong></span> <span class='ocrx_word' id='word_1_503' title='bbox 1731 5505 1811 5554; x_wconf 88' lang='lat' dir='ltr'><strong>sie</strong></span> <span class='ocrx_word' id='word_1_504' title='bbox 1849 5512 1976 5554; x_wconf 85' lang='lat' dir='ltr'><strong>suut</strong></span> <span class='ocrx_word' id='word_1_505' title='bbox 2016 5507 2069 5553; x_wconf 90' lang='lat' dir='ltr'><strong>in</strong></span> 
     </span>
     <span class='ocr_line' id='line_1_75' title="bbox 546 5566 2070 5632; baseline 0.005 -17"><span class='ocrx_word' id='word_1_506' title='bbox 546 5566 796 5615; x_wconf 86' lang='lat' dir='ltr'><strong>ordinem</strong></span> <span class='ocrx_word' id='word_1_507' title='bbox 832 5566 1140 5632; x_wconf 81' lang='lat' dir='ltr'><strong>redigenda,</strong></span> <span class='ocrx_word' id='word_1_508' title='bbox 1180 5568 1276 5618; x_wconf 67' lang='lat' dir='ltr'><strong>(th.</strong></span> <span class='ocrx_word' id='word_1_509' title='bbox 1313 5571 1411 5619; x_wconf 87' lang='grc'><strong>982</strong></span> <span class='ocrx_word' id='word_1_510' title='bbox 1450 5567 1634 5623; x_wconf 80' lang='grc' dir='ltr'>ἴδεσθε</span> <span class='ocrx_word' id='word_1_511' title='bbox 1670 5569 1721 5621; x_wconf 87' lang='grc' dir='ltr'><strong>δ’</strong></span> <span class='ocrx_word' id='word_1_512' title='bbox 1753 5570 1886 5622; x_wconf 81' lang='grc' dir='ltr'>αὖτε</span> <span class='ocrx_word' id='word_1_513' title='bbox 1913 5597 1975 5605; x_wconf 95' lang='lat'><strong>——</strong></span> <span class='ocrx_word' id='word_1_514' title='bbox 2002 5571 2070 5622; x_wconf 89' lang='grc' dir='ltr'><strong>τὸ</strong></span> 
     </span>
    </p>
   </div>
   <div class='ocr_carea' id='block_1_15' title="bbox 2123 1493 3647 5503">
    <p class='ocr_par' dir='ltr' id='par_1_24' title="bbox 2124 1493 3647 1951">
     <span class='ocr_line' id='line_1_76' title="bbox 2128 1493 3642 1560; baseline -0.002 -16"><span class='ocrx_word' id='word_1_515' title='bbox 2128 1494 2362 1558; x_wconf 85' lang='lat' dir='ltr'><strong>positum</strong></span> <span class='ocrx_word' id='word_1_516' title='bbox 2399 1493 2599 1560; x_wconf 80' lang='lat' dir='ltr'><strong>legisse</strong></span> <span class='ocrx_word' id='word_1_517' title='bbox 2645 1494 2890 1554; x_wconf 82' lang='lat' dir='ltr'><strong>videtur,</strong></span> <span class='ocrx_word' id='word_1_518' title='bbox 2937 1509 3099 1560; x_wconf 89' lang='lat' dir='ltr'><strong>quum</strong></span> <span class='ocrx_word' id='word_1_519' title='bbox 3144 1495 3534 1557; x_wconf 79' lang='lat' dir='ltr'><strong>interpretetur</strong></span> <span class='ocrx_word' id='word_1_520' title='bbox 3572 1493 3642 1554; x_wconf 86' lang='grc' dir='ltr'>μὴ</span> 
     </span>
     <span class='ocr_line' id='line_1_77' title="bbox 2128 1561 3647 1624; baseline -0.002 -13"><span class='ocrx_word' id='word_1_521' title='bbox 2128 1561 2458 1613; x_wconf 82' lang='grc' dir='ltr'>ὑπεξελθεῖν</span> <span class='ocrx_word' id='word_1_522' title='bbox 2493 1561 2664 1624; x_wconf 86' lang='grc' dir='ltr'>ζυγὸν</span> <span class='ocrx_word' id='word_1_523' title='bbox 2699 1561 2968 1622; x_wconf 84' lang='grc' dir='ltr'>δουλείας.</span> <span class='ocrx_word' id='word_1_524' title='bbox 3025 1562 3333 1613; x_wconf 78' lang='lat' dir='ltr'><strong>Scholiasta</strong></span> <span class='ocrx_word' id='word_1_525' title='bbox 3359 1562 3647 1620; x_wconf 73' lang='lat' dir='ltr'><strong>recentior,</strong></span> 
     </span>
     <span class='ocr_line' id='line_1_78' title="bbox 2124 1627 3646 1694; baseline -0.001 -16"><span class='ocrx_word' id='word_1_526' title='bbox 2124 1627 2196 1679; x_wconf 89' lang='grc' dir='ltr'><strong>τὸ</strong></span> <span class='ocrx_word' id='word_1_527' title='bbox 2240 1629 2651 1693; x_wconf 84' lang='grc' dir='ltr'>άπαρέμφατον</span> <span class='ocrx_word' id='word_1_528' title='bbox 2695 1629 2821 1681; x_wconf 80' lang='grc' dir='ltr'>ἀντὶ</span> <span class='ocrx_word' id='word_1_529' title='bbox 2867 1631 2969 1680; x_wconf 89' lang='grc' dir='ltr'><strong>τοῦ</strong></span> <span class='ocrx_word' id='word_1_530' title='bbox 3024 1631 3468 1694; x_wconf 88' lang='grc' dir='ltr'>προστακτικοῦ,</span> <span class='ocrx_word' id='word_1_531' title='bbox 3522 1627 3646 1678; x_wconf 83' lang='grc' dir='ltr'>ἀντὶ</span> 
     </span>
     <span class='ocr_line' id='line_1_79' title="bbox 2129 1695 3646 1763; baseline -0.001 -17"><span class='ocrx_word' id='word_1_532' title='bbox 2129 1698 2233 1746; x_wconf 88' lang='grc' dir='ltr'><strong>τοῦ</strong></span> <span class='ocrx_word' id='word_1_533' title='bbox 2272 1695 2491 1761; x_wconf 85' lang='grc' dir='ltr'>μήποτε</span> <span class='ocrx_word' id='word_1_534' title='bbox 2537 1699 2709 1763; x_wconf 81' lang='grc' dir='ltr'>σχῆτε</span> <span class='ocrx_word' id='word_1_535' title='bbox 2757 1697 2820 1748; x_wconf 84' lang='grc' dir='ltr'><strong>ἐν</strong></span> <span class='ocrx_word' id='word_1_536' title='bbox 2862 1697 3046 1759; x_wconf 77' lang='grc' dir='ltr'>ζυγοῖς</span> <span class='ocrx_word' id='word_1_537' title='bbox 3090 1701 3209 1757; x_wconf 82' lang='grc' dir='ltr'>τοῖς</span> <span class='ocrx_word' id='word_1_538' title='bbox 3254 1695 3494 1756; x_wconf 88' lang='grc' dir='ltr'>δουλίοις</span> <span class='ocrx_word' id='word_1_539' title='bbox 3538 1696 3646 1756; x_wconf 87' lang='grc' dir='ltr'><strong>τὴν</strong></span> 
     </span>
     <span class='ocr_line' id='line_1_80' title="bbox 2126 1764 3645 1832; baseline -0.001 -18"><span class='ocrx_word' id='word_1_540' title='bbox 2126 1765 2426 1830; x_wconf 83' lang='grc' dir='ltr'>ἐλευθέραν</span> <span class='ocrx_word' id='word_1_541' title='bbox 2458 1765 2644 1818; x_wconf 91' lang='grc' dir='ltr'>πόλιν.</span> <span class='ocrx_word' id='word_1_542' title='bbox 2714 1767 2971 1816; x_wconf 74' lang='lat' dir='ltr'><strong>Fortasse</strong></span> <span class='ocrx_word' id='word_1_543' title='bbox 3007 1769 3176 1832; x_wconf 83' lang='lat' dir='ltr'><strong>igitur</strong></span> <span class='ocrx_word' id='word_1_544' title='bbox 3211 1764 3421 1828; x_wconf 85' lang='grc' dir='ltr'>μήποτ’</span> <span class='ocrx_word' id='word_1_545' title='bbox 3458 1764 3645 1826; x_wconf 80' lang='grc' dir='ltr'>ἐνσχε-</span> 
     </span>
     <span class='ocr_line' id='line_1_81' title="bbox 2126 1832 3644 1896; baseline -0.001 -14"><span class='ocrx_word' id='word_1_546' title='bbox 2126 1833 2246 1883; x_wconf 86' lang='grc' dir='ltr'><strong>θεῖν</strong></span> <span class='ocrx_word' id='word_1_547' title='bbox 2282 1834 2642 1896; x_wconf 85' lang='lat' dir='ltr'><strong>seribendum,</strong></span> <span class='ocrx_word' id='word_1_548' title='bbox 2679 1839 2739 1884; x_wconf 90' lang='lat' dir='ltr'><strong>ut</strong></span> <span class='ocrx_word' id='word_1_549' title='bbox 2773 1833 2999 1896; x_wconf 83' lang='grc' dir='ltr'>δεσμοῖς</span> <span class='ocrx_word' id='word_1_550' title='bbox 3036 1841 3097 1883; x_wconf 87' lang='lat' dir='ltr'><strong>et</strong></span> <span class='ocrx_word' id='word_1_551' title='bbox 3132 1832 3324 1893; x_wconf 82' lang='grc' dir='ltr'>πέδαις</span> <span class='ocrx_word' id='word_1_552' title='bbox 3358 1833 3644 1895; x_wconf 83' lang='grc' dir='ltr'>ἐνέχεσθαι</span> 
     </span>
     <span class='ocr_line' id='line_1_82' title="bbox 2127 1901 2345 1951; baseline -0.005 0"><span class='ocrx_word' id='word_1_553' title='bbox 2127 1901 2345 1951; x_wconf 84' lang='lat' dir='ltr'><strong>dieitur.</strong></span> 
     </span>
    </p>

    <p class='ocr_par' dir='ltr' id='par_1_25' title="bbox 2127 1969 3642 2102">
     <span class='ocr_line' id='line_1_83' title="bbox 2192 1969 3642 2034; baseline -0.001 -15"><span class='ocrx_word' id='word_1_554' title='bbox 2192 1970 2360 2020; x_wconf 71' lang='lat'><strong>34812.</strong></span> <span class='ocrx_word' id='word_1_555' title='bbox 2408 1984 2480 2020; x_wconf 91' lang='grc' dir='ltr'><strong>τε</strong></span> <span class='ocrx_word' id='word_1_556' title='bbox 2516 1969 2735 2034; x_wconf 87' lang='lat' dir='ltr'><strong>singula</strong></span> <span class='ocrx_word' id='word_1_557' title='bbox 2770 1969 3035 2021; x_wconf 87' lang='lat' dir='ltr'><strong>vocabula</strong></span> <span class='ocrx_word' id='word_1_558' title='bbox 3072 1970 3315 2034; x_wconf 86' lang='lat' dir='ltr'><strong>iungens.</strong></span> <span class='ocrx_word' id='word_1_559' title='bbox 3390 1969 3535 2018; x_wconf 67' lang='lat' dir='ltr'><strong>Adde</strong></span> <span class='ocrx_word' id='word_1_560' title='bbox 3583 1969 3642 2017; x_wconf 83' lang='lat' dir='ltr'><strong>fr.</strong></span> 
     </span>
     <span class='ocr_line' id='line_1_84' title="bbox 2127 2037 2980 2102; baseline 0.001 -16"><span class='ocrx_word' id='word_1_561' title='bbox 2127 2038 2191 2086; x_wconf 73' lang='lat'><strong>64</strong></span> <span class='ocrx_word' id='word_1_562' title='bbox 2213 2037 2262 2089; x_wconf 93' lang='lat' dir='ltr'><strong>b.</strong></span> <span class='ocrx_word' id='word_1_563' title='bbox 2299 2039 2543 2101; x_wconf 85' lang='grc' dir='ltr'>χιτῶνας</span> <span class='ocrx_word' id='word_1_564' title='bbox 2579 2037 2860 2102; x_wconf 90' lang='grc' dir='ltr'>βασσάρας</span> <span class='ocrx_word' id='word_1_565' title='bbox 2898 2051 2980 2088; x_wconf 92' lang='grc' dir='ltr'><strong>τε.</strong></span> 
     </span>
    </p>

    <p class='ocr_par' dir='ltr' id='par_1_26' title="bbox 2125 2104 3645 2307">
     <span class='ocr_line' id='line_1_85' title="bbox 2193 2104 3645 2170; baseline 0.001 -16"><span class='ocrx_word' id='word_1_566' title='bbox 2193 2109 2291 2154; x_wconf 84' lang='grc'><strong>352</strong></span> <span class='ocrx_word' id='word_1_567' title='bbox 2312 2107 2361 2156; x_wconf 90' lang='lat' dir='ltr'><strong>b.</strong></span> <span class='ocrx_word' id='word_1_568' title='bbox 2410 2105 2651 2166; x_wconf 81' lang='grc' dir='ltr'>τέμνω.</span> <span class='ocrx_word' id='word_1_569' title='bbox 2700 2105 2855 2155; x_wconf 85' lang='lat' dir='ltr'><strong>Eum.</strong></span> <span class='ocrx_word' id='word_1_570' title='bbox 2881 2109 2979 2156; x_wconf 89' lang='grc'><strong>592</strong></span> <span class='ocrx_word' id='word_1_571' title='bbox 3017 2105 3300 2170; x_wconf 84' lang='grc' dir='ltr'>ξιφουλκῷ</span> <span class='ocrx_word' id='word_1_572' title='bbox 3338 2104 3476 2168; x_wconf 83' lang='grc' dir='ltr'>χειρὶ</span> <span class='ocrx_word' id='word_1_573' title='bbox 3506 2104 3645 2168; x_wconf 86' lang='grc' dir='ltr'>πρὸς</span> 
     </span>
     <span class='ocr_line' id='line_1_86' title="bbox 2125 2170 3645 2239; baseline -0.001 -17"><span class='ocrx_word' id='word_1_574' title='bbox 2125 2170 2294 2236; x_wconf 86' lang='grc' dir='ltr'>δέρην</span> <span class='ocrx_word' id='word_1_575' title='bbox 2328 2175 2534 2235; x_wconf 82' lang='grc' dir='ltr'>τεμών.</span> <span class='ocrx_word' id='word_1_576' title='bbox 2575 2172 2717 2237; x_wconf 89' lang='grc' dir='ltr'>πρὸς</span> <span class='ocrx_word' id='word_1_577' title='bbox 2752 2173 2919 2238; x_wconf 86' lang='grc' dir='ltr'>δέρην</span> <span class='ocrx_word' id='word_1_578' title='bbox 2955 2173 3060 2236; x_wconf 80' lang='lat' dir='ltr'><strong>(vel</strong></span> <span class='ocrx_word' id='word_1_579' title='bbox 3098 2172 3253 2239; x_wconf 82' lang='grc' dir='ltr'>δέρῃ)</span> <span class='ocrx_word' id='word_1_580' title='bbox 3294 2173 3484 2236; x_wconf 87' lang='grc' dir='ltr'>βαλών</span> <span class='ocrx_word' id='word_1_581' title='bbox 3515 2175 3645 2222; x_wconf 85' lang='lat' dir='ltr'><strong>ller-</strong></span> 
     </span>
     <span class='ocr_line' id='line_1_87' title="bbox 2125 2240 3163 2307; baseline 0.001 -17"><span class='ocrx_word' id='word_1_582' title='bbox 2125 2240 2406 2292; x_wconf 86' lang='lat' dir='ltr'><strong>werdenus</strong></span> <span class='ocrx_word' id='word_1_583' title='bbox 2443 2241 2643 2291; x_wconf 81' lang='lat' dir='ltr'><strong>Anuot.</strong></span> <span class='ocrx_word' id='word_1_584' title='bbox 2685 2246 2752 2304; x_wconf 85' lang='lat' dir='ltr'><strong>(a.</strong></span> <span class='ocrx_word' id='word_1_585' title='bbox 2794 2242 2948 2307; x_wconf 83' lang='grc'><strong>1876)</strong></span> <span class='ocrx_word' id='word_1_586' title='bbox 2994 2258 3045 2306; x_wconf 87' lang='lat' dir='ltr'><strong>p.</strong></span> <span class='ocrx_word' id='word_1_587' title='bbox 3082 2247 3163 2292; x_wconf 81' lang='lat'><strong>35.</strong></span> 
     </span>
    </p>

    <p class='ocr_par' dir='ltr' id='par_1_27' title="bbox 2123 2306 3643 2494">
     <span class='ocr_line' id='line_1_88' title="bbox 2194 2306 3641 2375; baseline 0.001 -17"><span class='ocrx_word' id='word_1_588' title='bbox 2194 2311 2361 2358; x_wconf 80' lang='lat' dir='ltr'><strong>366a.</strong></span> <span class='ocrx_word' id='word_1_589' title='bbox 2417 2306 2692 2372; x_wconf 90' lang='grc' dir='ltr'>τρόπος.</span> <span class='ocrx_word' id='word_1_590' title='bbox 2777 2309 2927 2360; x_wconf 81' lang='lat' dir='ltr'><strong>Adde</strong></span> <span class='ocrx_word' id='word_1_591' title='bbox 2984 2309 3169 2375; x_wconf 72' lang='lat' dir='ltr'><strong>Suppl.</strong></span> <span class='ocrx_word' id='word_1_592' title='bbox 3223 2313 3320 2360; x_wconf 80' lang='grc'><strong>232</strong></span> <span class='ocrx_word' id='word_1_593' title='bbox 3376 2312 3641 2360; x_wconf 86' lang='grc' dir='ltr'>σκοπεῖτε</span> 
     </span>
     <span class='ocr_line' id='line_1_89' title="bbox 2127 2373 3643 2494; baseline 0.001 -68"><span class='ocrx_word' id='word_1_594' title='bbox 2127 2373 2451 2494; x_wconf 62' lang='grc' dir='ltr'>κιέμείβεσθε</span> <span class='ocrx_word' id='word_1_595' title='bbox 2487 2376 2651 2428; x_wconf 90' lang='grc' dir='ltr'>τόνδε</span> <span class='ocrx_word' id='word_1_596' title='bbox 2690 2376 2797 2428; x_wconf 89' lang='grc' dir='ltr'><strong>τὸν</strong></span> <span class='ocrx_word' id='word_1_597' title='bbox 2833 2375 3071 2441; x_wconf 90' lang='grc' dir='ltr'>τρόπον.</span> <span class='ocrx_word' id='word_1_598' title='bbox 3120 2378 3212 2428; x_wconf 77' lang='lat' dir='ltr'><strong>Sic</strong></span> <span class='ocrx_word' id='word_1_599' title='bbox 3246 2378 3521 2427; x_wconf 74' lang='lat' dir='ltr'><strong>stanleius</strong></span> <span class='ocrx_word' id='word_1_600' title='bbox 3549 2394 3643 2442; x_wconf 85' lang='lat' dir='ltr'><strong>pro</strong></span> 
     </span>
     <span class='ocr_line' id='line_1_90' title="bbox 2123 2458 2325 2494; baseline 0 0"><span class='ocrx_word' id='word_1_601' title='bbox 2123 2458 2157 2494; x_wconf 96' lang='grc' dir='ltr'>τ</span> <span class='ocrx_word' id='word_1_602' title='bbox 2200 2458 2325 2494; x_wconf 90' lang='grc' dir='ltr'>πον.</span> 
     </span>
    </p>

    <p class='ocr_par' dir='ltr' id='par_1_28' title="bbox 2123 2510 3647 4874">
     <span class='ocr_line' id='line_1_91' title="bbox 2192 2510 3647 2577; baseline 0.001 -15"><span class='ocrx_word' id='word_1_603' title='bbox 2192 2515 2291 2562; x_wconf 86' lang='grc'><strong>366</strong></span> <span class='ocrx_word' id='word_1_604' title='bbox 2312 2513 2361 2562; x_wconf 90' lang='lat' dir='ltr'><strong>b.</strong></span> <span class='ocrx_word' id='word_1_605' title='bbox 2410 2510 2747 2576; x_wconf 86' lang='grc' dir='ltr'>τυγχάνω.</span> <span class='ocrx_word' id='word_1_606' title='bbox 2819 2512 2879 2563; x_wconf 89' lang='lat' dir='ltr'><strong>In</strong></span> <span class='ocrx_word' id='word_1_607' title='bbox 2930 2514 3047 2563; x_wconf 82' lang='lat' dir='ltr'><strong>loeo</strong></span> <span class='ocrx_word' id='word_1_608' title='bbox 3094 2516 3193 2577; x_wconf 79' lang='lat' dir='ltr'><strong>Ag.</strong></span> <span class='ocrx_word' id='word_1_609' title='bbox 3236 2517 3365 2564; x_wconf 85' lang='grc'><strong>1230</strong></span> <span class='ocrx_word' id='word_1_610' title='bbox 3411 2516 3559 2564; x_wconf 80' lang='grc' dir='ltr'>νεῶν</span> <span class='ocrx_word' id='word_1_611' title='bbox 3594 2514 3647 2564; x_wconf 84' lang='grc' dir='ltr'><strong>τ’</strong></span> 
     </span>
     <span class='ocr_line' id='line_1_92' title="bbox 2123 2577 3645 2647; baseline 0 -17"><span class='ocrx_word' id='word_1_612' title='bbox 2123 2579 2367 2643; x_wconf 79' lang='grc' dir='ltr'>ἔπαρχος</span> <span class='ocrx_word' id='word_1_613' title='bbox 2428 2577 2586 2632; x_wconf 92' lang='grc' dir='ltr'>Ἰλίου</span> <span class='ocrx_word' id='word_1_614' title='bbox 2640 2580 2703 2630; x_wconf 79' lang='grc' dir='ltr'><strong>τ’</strong></span> <span class='ocrx_word' id='word_1_615' title='bbox 2754 2578 3074 2645; x_wconf 85' lang='grc' dir='ltr'>ἀναστάτης</span> <span class='ocrx_word' id='word_1_616' title='bbox 3119 2581 3129 2647; x_wconf 84' lang='grc' dir='ltr'>Ι</span> <span class='ocrx_word' id='word_1_617' title='bbox 3179 2579 3282 2632; x_wconf 89' lang='grc' dir='ltr'><strong>ούκ</strong></span> <span class='ocrx_word' id='word_1_618' title='bbox 3336 2580 3492 2632; x_wconf 79' lang='grc' dir='ltr'>οἶδεν</span> <span class='ocrx_word' id='word_1_619' title='bbox 3552 2578 3645 2632; x_wconf 87' lang='grc' dir='ltr'><strong>οἷα</strong></span> 
     </span>
     <span class='ocr_line' id='line_1_93' title="bbox 2125 2647 3643 2715; baseline 0.001 -18"><span class='ocrx_word' id='word_1_620' title='bbox 2125 2648 2356 2708; x_wconf 83' lang='grc' dir='ltr'>γλῶσσα</span> <span class='ocrx_word' id='word_1_621' title='bbox 2392 2651 2627 2713; x_wconf 81' lang='grc' dir='ltr'>μισητῆς</span> <span class='ocrx_word' id='word_1_622' title='bbox 2666 2648 2831 2710; x_wconf 91' lang='grc' dir='ltr'>κυνός</span> <span class='ocrx_word' id='word_1_623' title='bbox 2872 2649 2882 2715; x_wconf 77' lang='grc' dir='ltr'>Ι</span> <span class='ocrx_word' id='word_1_624' title='bbox 2922 2648 3123 2701; x_wconf 85' lang='grc' dir='ltr'>λέξασα</span> <span class='ocrx_word' id='word_1_625' title='bbox 3159 2647 3495 2700; x_wconf 84' lang='grc' dir='ltr'>κάκτείνασα</span> <span class='ocrx_word' id='word_1_626' title='bbox 3521 2663 3643 2711; x_wconf 86' lang='grc' dir='ltr'>φαι-</span> 
     </span>
     <span class='ocr_line' id='line_1_94' title="bbox 2123 2714 3641 2782; baseline 0.001 -17"><span class='ocrx_word' id='word_1_627' title='bbox 2123 2714 2383 2779; x_wconf 89' lang='grc' dir='ltr'>δρόνους,</span> <span class='ocrx_word' id='word_1_628' title='bbox 2436 2715 2596 2781; x_wconf 88' lang='grc' dir='ltr'>δίκην</span> <span class='ocrx_word' id='word_1_629' title='bbox 2634 2715 2804 2779; x_wconf 85' lang='grc' dir='ltr'>Ἀτης</span> <span class='ocrx_word' id='word_1_630' title='bbox 2841 2715 3138 2782; x_wconf 84' lang='grc' dir='ltr'>λαθραίου,</span> <span class='ocrx_word' id='word_1_631' title='bbox 3194 2718 3445 2770; x_wconf 87' lang='grc' dir='ltr'>τεύξεται</span> <span class='ocrx_word' id='word_1_632' title='bbox 3500 2721 3641 2781; x_wconf 80' lang='grc' dir='ltr'>κακῇ</span> 
     </span>
     <span class='ocr_line' id='line_1_95' title="bbox 2125 2783 3642 2851; baseline 0.001 -19"><span class='ocrx_word' id='word_1_633' title='bbox 2125 2783 2285 2848; x_wconf 86' lang='grc' dir='ltr'>τύχῃ,</span> <span class='ocrx_word' id='word_1_634' title='bbox 2314 2785 2535 2833; x_wconf 76' lang='lat' dir='ltr'><strong>fuerunt</strong></span> <span class='ocrx_word' id='word_1_635' title='bbox 2559 2788 2651 2848; x_wconf 82' lang='lat' dir='ltr'><strong>qui</strong></span> <span class='ocrx_word' id='word_1_636' title='bbox 2678 2787 2945 2848; x_wconf 81' lang='grc' dir='ltr'>τεύξεται,</span> <span class='ocrx_word' id='word_1_637' title='bbox 2972 2787 3117 2850; x_wconf 87' lang='lat' dir='ltr'><strong>quod</strong></span> <span class='ocrx_word' id='word_1_638' title='bbox 3135 2789 3451 2851; x_wconf 74' lang='lat' dir='ltr'><strong>assequetur</strong></span> <span class='ocrx_word' id='word_1_639' title='bbox 3476 2788 3642 2850; x_wconf 78' lang='lat' dir='ltr'><strong>signi·</strong></span> 
     </span>
     <span class='ocr_line' id='line_1_96' title="bbox 2124 2851 3638 2919; baseline 0.002 -19"><span class='ocrx_word' id='word_1_640' title='bbox 2124 2852 2284 2913; x_wconf 52' lang='lat' dir='ltr'><strong>tit-at.</strong></span> <span class='ocrx_word' id='word_1_641' title='bbox 2322 2867 2418 2916; x_wconf 80' lang='lat' dir='ltr'><strong>pro</strong></span> <span class='ocrx_word' id='word_1_642' title='bbox 2455 2852 2633 2903; x_wconf 78' lang='grc' dir='ltr'>τεύξει</span> <span class='ocrx_word' id='word_1_643' title='bbox 2675 2853 2879 2904; x_wconf 90' lang='lat' dir='ltr'><strong>dictum</strong></span> <span class='ocrx_word' id='word_1_644' title='bbox 2920 2855 3261 2919; x_wconf 86' lang='lat' dir='ltr'><strong>acciperent,</strong></span> <span class='ocrx_word' id='word_1_645' title='bbox 3307 2851 3638 2905; x_wconf 70' lang='lat' dir='ltr'><strong>⁴nect-‹.·ln&#39;nc1bi-</strong></span> 
     </span>
     <span class='ocr_line' id='line_1_97' title="bbox 2126 2917 3645 2986; baseline 0.001 -18"><span class='ocrx_word' id='word_1_646' title='bbox 2126 2922 2243 2977; x_wconf 82' lang='lat' dir='ltr'><strong>tur,</strong></span> <span class='ocrx_word' id='word_1_647' title='bbox 2305 2917 2567 2982; x_wconf 75' lang='lat' dir='ltr'><strong>parabit,</strong></span> <span class='ocrx_word' id='word_1_648' title='bbox 2638 2927 2693 2970; x_wconf 89' lang='lat' dir='ltr'><strong>et</strong></span> <span class='ocrx_word' id='word_1_649' title='bbox 2753 2928 2895 2972; x_wconf 88' lang='lat' dir='ltr'><strong>recte</strong></span> <span class='ocrx_word' id='word_1_650' title='bbox 2958 2922 3213 2986; x_wconf 86' lang='lat' dir='ltr'><strong>quidem,</strong></span> <span class='ocrx_word' id='word_1_651' title='bbox 3285 2931 3344 2971; x_wconf 89' lang='lat' dir='ltr'><strong>ut</strong></span> <span class='ocrx_word' id='word_1_652' title='bbox 3406 2919 3645 2971; x_wconf 64' lang='lat' dir='ltr'><strong>ostendit</strong></span> 
     </span>
     <span class='ocr_line' id='line_1_98' title="bbox 2131 2985 3642 3053; baseline 0.003 -18"><span class='ocrx_word' id='word_1_653' title='bbox 2131 2989 2196 3036; x_wconf 90' lang='lat' dir='ltr'><strong>ll.</strong></span> <span class='ocrx_word' id='word_1_654' title='bbox 2238 2989 2299 3040; x_wconf 84' lang='lat' dir='ltr'><strong>L.</strong></span> <span class='ocrx_word' id='word_1_655' title='bbox 2338 2987 2633 3038; x_wconf 76' lang='lat' dir='ltr'><strong>Ahreusius</strong></span> <span class='ocrx_word' id='word_1_656' title='bbox 2671 2991 2728 3037; x_wconf 87' lang='lat' dir='ltr'><strong>iu</strong></span> <span class='ocrx_word' id='word_1_657' title='bbox 2766 2985 3173 3053; x_wconf 75' lang='lat' dir='ltr'><strong>Supplementis</strong></span> <span class='ocrx_word' id='word_1_658' title='bbox 3212 2990 3440 3053; x_wconf 83' lang='lat' dir='ltr'><strong>Pilologi</strong></span> <span class='ocrx_word' id='word_1_659' title='bbox 3481 2990 3586 3040; x_wconf 83' lang='lat' dir='ltr'><strong>vol.</strong></span> <span class='ocrx_word' id='word_1_660' title='bbox 3618 2995 3642 3039; x_wconf 85' lang='lat'>1</span> 
     </span>
     <span class='ocr_line' id='line_1_99' title="bbox 2125 3055 3643 3123; baseline 0.003 -20"><span class='ocrx_word' id='word_1_661' title='bbox 2125 3071 2174 3120; x_wconf 86' lang='lat' dir='ltr'><strong>p.</strong></span> <span class='ocrx_word' id='word_1_662' title='bbox 2197 3058 2310 3108; x_wconf 82' lang='grc'><strong>632.</strong></span> <span class='ocrx_word' id='word_1_663' title='bbox 2380 3055 2609 3121; x_wconf 82' lang='lat' dir='ltr'><strong>Utrique</strong></span> <span class='ocrx_word' id='word_1_664' title='bbox 2645 3061 2824 3105; x_wconf 80' lang='lat' dir='ltr'><strong>autem</strong></span> <span class='ocrx_word' id='word_1_665' title='bbox 2862 3058 3303 3123; x_wconf 82' lang='lat' dir='ltr'><strong>interpretationi</strong></span> <span class='ocrx_word' id='word_1_666' title='bbox 3340 3060 3525 3123; x_wconf 76' lang='lat' dir='ltr'><strong>aptius</strong></span> <span class='ocrx_word' id='word_1_667' title='bbox 3560 3068 3643 3108; x_wconf 86' lang='lat' dir='ltr'><strong>est</strong></span> 
     </span>
     <span class='ocr_line' id='line_1_100' title="bbox 2124 3122 3635 3190; baseline 0.001 -18"><span class='ocrx_word' id='word_1_668' title='bbox 2124 3125 2266 3187; x_wconf 82' lang='grc' dir='ltr'>κακῇ</span> <span class='ocrx_word' id='word_1_669' title='bbox 2304 3122 2493 3186; x_wconf 83' lang='grc' dir='ltr'>τέχνῃ,</span> <span class='ocrx_word' id='word_1_670' title='bbox 2543 3125 2682 3189; x_wconf 89' lang='lat' dir='ltr'><strong>quod</strong></span> <span class='ocrx_word' id='word_1_671' title='bbox 2724 3124 2941 3175; x_wconf 84' lang='lat' dir='ltr'><strong>Paleius</strong></span> <span class='ocrx_word' id='word_1_672' title='bbox 2980 3127 3244 3188; x_wconf 90' lang='lat' dir='ltr'><strong>coniecit,</strong></span> <span class='ocrx_word' id='word_1_673' title='bbox 3293 3143 3455 3190; x_wconf 83' lang='lat' dir='ltr'><strong>quam</strong></span> <span class='ocrx_word' id='word_1_674' title='bbox 3494 3130 3635 3187; x_wconf 81' lang='grc' dir='ltr'>κακῇ</span> 
     </span>
     <span class='ocr_line' id='line_1_101' title="bbox 2125 3190 3642 3258; baseline 0.001 -17"><span class='ocrx_word' id='word_1_675' title='bbox 2125 3190 2287 3254; x_wconf 82' lang='grc' dir='ltr'>τύχῃ,</span> <span class='ocrx_word' id='word_1_676' title='bbox 2326 3206 2488 3255; x_wconf 88' lang='lat' dir='ltr'><strong>quum</strong></span> <span class='ocrx_word' id='word_1_677' title='bbox 2529 3192 2584 3241; x_wconf 91' lang='lat' dir='ltr'><strong>in</strong></span> <span class='ocrx_word' id='word_1_678' title='bbox 2621 3193 2801 3241; x_wconf 83' lang='lat' dir='ltr'><strong>verbis</strong></span> <span class='ocrx_word' id='word_1_679' title='bbox 2829 3193 3282 3257; x_wconf 81' lang='lat' dir='ltr'><strong>praecedentibus</strong></span> <span class='ocrx_word' id='word_1_680' title='bbox 3321 3195 3482 3244; x_wconf 83' lang='lat' dir='ltr'><strong>dolus</strong></span> <span class='ocrx_word' id='word_1_681' title='bbox 3520 3194 3642 3258; x_wconf 71' lang='lat' dir='ltr'><strong>Cly·</strong></span> 
     </span>
     <span class='ocr_line' id='line_1_102' title="bbox 2125 3259 3642 3327; baseline 0.001 -19"><span class='ocrx_word' id='word_1_682' title='bbox 2125 3264 2480 3309; x_wconf 83' lang='lat' dir='ltr'><strong>taemnestrae</strong></span> <span class='ocrx_word' id='word_1_683' title='bbox 2503 3260 2861 3310; x_wconf 83' lang='lat' dir='ltr'><strong>describatur.</strong></span> <span class='ocrx_word' id='word_1_684' title='bbox 2910 3261 3077 3311; x_wconf 90' lang='lat' dir='ltr'><strong>Porro</strong></span> <span class='ocrx_word' id='word_1_685' title='bbox 3106 3259 3308 3312; x_wconf 84' lang='grc' dir='ltr'>λέξασα</span> <span class='ocrx_word' id='word_1_686' title='bbox 3334 3269 3642 3327; x_wconf 81' lang='lat' dir='ltr'><strong>corruptum</strong></span> 
     </span>
     <span class='ocr_line' id='line_1_103' title="bbox 2126 3325 3642 3392; baseline 0.002 -16"><span class='ocrx_word' id='word_1_687' title='bbox 2126 3334 2213 3376; x_wconf 82' lang='lat' dir='ltr'><strong>est</strong></span> <span class='ocrx_word' id='word_1_688' title='bbox 2251 3341 2315 3375; x_wconf 83' lang='lat' dir='ltr'><strong>ex</strong></span> <span class='ocrx_word' id='word_1_689' title='bbox 2356 3325 2606 3388; x_wconf 81' lang='grc' dir='ltr'>λείξασα,</span> <span class='ocrx_word' id='word_1_690' title='bbox 2652 3328 2796 3392; x_wconf 82' lang='lat' dir='ltr'><strong>quod</strong></span> <span class='ocrx_word' id='word_1_691' title='bbox 2834 3327 3199 3391; x_wconf 79' lang='lat' dir='ltr'><strong>Tyrwhittum</strong></span> <span class='ocrx_word' id='word_1_692' title='bbox 3247 3331 3554 3380; x_wconf 79' lang='lat' dir='ltr'><strong>restituisse</strong></span> <span class='ocrx_word' id='word_1_693' title='bbox 3601 3347 3642 3379; x_wconf 81' lang='lat' dir='ltr'><strong>s.</strong></span> 
     </span>
     <span class='ocr_line' id='line_1_104' title="bbox 2123 3390 3640 3456; baseline 0.003 -14"><span class='ocrx_word' id='word_1_694' title='bbox 2123 3408 2175 3442; x_wconf 81' lang='lat' dir='ltr'><strong>v.</strong></span> <span class='ocrx_word' id='word_1_695' title='bbox 2216 3390 2385 3456; x_wconf 87' lang='grc' dir='ltr'>λείχω</span> <span class='ocrx_word' id='word_1_696' title='bbox 2422 3400 2704 3445; x_wconf 83' lang='lat' dir='ltr'><strong>annotavi:</strong></span> <span class='ocrx_word' id='word_1_697' title='bbox 2754 3412 2877 3445; x_wconf 84' lang='lat' dir='ltr'><strong>nam</strong></span> <span class='ocrx_word' id='word_1_698' title='bbox 2914 3395 3192 3447; x_wconf 83' lang='lat' dir='ltr'><strong>lambendo</strong></span> <span class='ocrx_word' id='word_1_699' title='bbox 3239 3397 3514 3447; x_wconf 84' lang='lat' dir='ltr'><strong>blanditur</strong></span> <span class='ocrx_word' id='word_1_700' title='bbox 3557 3414 3640 3446; x_wconf 86' lang='lat' dir='ltr'><strong>ea·</strong></span> 
     </span>
     <span class='ocr_line' id='line_1_105' title="bbox 2124 3461 3642 3528; baseline 0.001 -17"><span class='ocrx_word' id='word_1_701' title='bbox 2124 3463 2226 3512; x_wconf 86' lang='lat' dir='ltr'><strong>nis.</strong></span> <span class='ocrx_word' id='word_1_702' title='bbox 2296 3461 2568 3528; x_wconf 89' lang='lat' dir='ltr'><strong>Denique,</strong></span> <span class='ocrx_word' id='word_1_703' title='bbox 2626 3479 2691 3512; x_wconf 84' lang='lat' dir='ltr'><strong>ne</strong></span> <span class='ocrx_word' id='word_1_704' title='bbox 2745 3465 2964 3514; x_wconf 77' lang='lat' dir='ltr'><strong>verbum</strong></span> <span class='ocrx_word' id='word_1_705' title='bbox 3009 3462 3343 3516; x_wconf 81' lang='grc' dir='ltr'>κάκτείνασα</span> <span class='ocrx_word' id='word_1_706' title='bbox 3397 3466 3642 3515; x_wconf 77' lang='lat' dir='ltr'><strong>subiecto</strong></span> 
     </span>
     <span class='ocr_line' id='line_1_106' title="bbox 2126 3532 3643 3597; baseline 0.003 -18"><span class='ocrx_word' id='word_1_707' title='bbox 2126 3535 2310 3580; x_wconf 87' lang='lat' dir='ltr'><strong>careat</strong></span> <span class='ocrx_word' id='word_1_708' title='bbox 2348 3537 2403 3580; x_wconf 88' lang='lat' dir='ltr'><strong>et</strong></span> <span class='ocrx_word' id='word_1_709' title='bbox 2440 3539 2609 3596; x_wconf 87' lang='lat' dir='ltr'><strong>poeta</strong></span> <span class='ocrx_word' id='word_1_710' title='bbox 2645 3532 2701 3581; x_wconf 91' lang='lat' dir='ltr'><strong>in</strong></span> <span class='ocrx_word' id='word_1_711' title='bbox 2741 3532 2975 3595; x_wconf 79' lang='lat' dir='ltr'><strong>imagine</strong></span> <span class='ocrx_word' id='word_1_712' title='bbox 3013 3538 3241 3597; x_wconf 85' lang='lat' dir='ltr'><strong>perstet,</strong></span> <span class='ocrx_word' id='word_1_713' title='bbox 3285 3534 3643 3596; x_wconf 88' lang='grc' dir='ltr'>φαιδρόνους,</span> 
     </span>
     <span class='ocr_line' id='line_1_107' title="bbox 2124 3598 3642 3666; baseline 0.003 -19"><span class='ocrx_word' id='word_1_714' title='bbox 2124 3598 2453 3648; x_wconf 81' lang='lat' dir='ltr'><strong>vocabulum</strong></span> <span class='ocrx_word' id='word_1_715' title='bbox 2480 3615 2743 3666; x_wconf 74' lang='lat' dir='ltr'><strong>nusquam</strong></span> <span class='ocrx_word' id='word_1_716' title='bbox 2768 3599 2899 3650; x_wconf 87' lang='lat' dir='ltr'><strong>alibi</strong></span> <span class='ocrx_word' id='word_1_717' title='bbox 2939 3601 3158 3664; x_wconf 89' lang='lat' dir='ltr'><strong>lectum,</strong></span> <span class='ocrx_word' id='word_1_718' title='bbox 3197 3602 3252 3650; x_wconf 89' lang='lat' dir='ltr'><strong>in</strong></span> <span class='ocrx_word' id='word_1_719' title='bbox 3279 3599 3520 3665; x_wconf 89' lang='grc' dir='ltr'>φαιδρὸν</span> <span class='ocrx_word' id='word_1_720' title='bbox 3547 3601 3642 3660; x_wconf 86' lang='grc' dir='ltr'><strong>οῦς</strong></span> 
     </span>
     <span class='ocr_line' id='line_1_108' title="bbox 2128 3666 3638 3733; baseline 0.002 -17"><span class='ocrx_word' id='word_1_721' title='bbox 2128 3666 2435 3717; x_wconf 81' lang='lat' dir='ltr'><strong>mutandum</strong></span> <span class='ocrx_word' id='word_1_722' title='bbox 2483 3683 2603 3718; x_wconf 86' lang='lat' dir='ltr'><strong>cum</strong></span> <span class='ocrx_word' id='word_1_723' title='bbox 2652 3669 2721 3720; x_wconf 81' lang='lat' dir='ltr'><strong>H.</strong></span> <span class='ocrx_word' id='word_1_724' title='bbox 2774 3669 2831 3723; x_wconf 74' lang='lat'><strong>¹1,</strong></span> <span class='ocrx_word' id='word_1_725' title='bbox 2878 3667 3144 3718; x_wconf 79' lang='lat' dir='ltr'><strong>Ahrensio</strong></span> <span class='ocrx_word' id='word_1_726' title='bbox 3193 3669 3227 3718; x_wconf 92' lang='grc'><strong>1.</strong></span> <span class='ocrx_word' id='word_1_727' title='bbox 3267 3686 3310 3717; x_wconf 89' lang='lat' dir='ltr'><strong>e.</strong></span> <span class='ocrx_word' id='word_1_728' title='bbox 3353 3688 3399 3733; x_wconf 83' lang='lat' dir='ltr'><strong>p.</strong></span> <span class='ocrx_word' id='word_1_729' title='bbox 3438 3673 3532 3719; x_wconf 79' lang='lat'><strong>631</strong></span> <span class='ocrx_word' id='word_1_730' title='bbox 3586 3681 3638 3719; x_wconf 80' lang='lat' dir='ltr'><strong>et</strong></span> 
     </span>
     <span class='ocr_line' id='line_1_109' title="bbox 2127 3734 3644 3802; baseline 0.003 -19"><span class='ocrx_word' id='word_1_731' title='bbox 2127 3734 2403 3798; x_wconf 79' lang='lat' dir='ltr'><strong>Madvigio</strong></span> <span class='ocrx_word' id='word_1_732' title='bbox 2432 3734 2647 3789; x_wconf 80' lang='lat' dir='ltr'><strong>Advers.</strong></span> <span class='ocrx_word' id='word_1_733' title='bbox 2677 3736 2782 3785; x_wconf 73' lang='lat' dir='ltr'><strong>vol.</strong></span> <span class='ocrx_word' id='word_1_734' title='bbox 2817 3741 2838 3785; x_wconf 86' lang='lat'>1</span> <span class='ocrx_word' id='word_1_735' title='bbox 2881 3752 2930 3800; x_wconf 85' lang='lat' dir='ltr'><strong>p.</strong></span> <span class='ocrx_word' id='word_1_736' title='bbox 2960 3741 3076 3798; x_wconf 82' lang='grc'><strong>201,</strong></span> <span class='ocrx_word' id='word_1_737' title='bbox 3119 3753 3224 3802; x_wconf 91' lang='lat' dir='ltr'><strong>quo</strong></span> <span class='ocrx_word' id='word_1_738' title='bbox 3261 3739 3644 3800; x_wconf 78' lang='lat' dir='ltr'><strong>significantur</strong></span> 
     </span>
     <span class='ocr_line' id='line_1_110' title="bbox 2124 3803 3641 3869; baseline 0 -16"><span class='ocrx_word' id='word_1_739' title='bbox 2124 3817 2283 3853; x_wconf 88' lang='lat' dir='ltr'><strong>aures</strong></span> <span class='ocrx_word' id='word_1_740' title='bbox 2342 3803 2535 3852; x_wconf 84' lang='lat' dir='ltr'><strong>blande</strong></span> <span class='ocrx_word' id='word_1_741' title='bbox 2592 3806 2829 3854; x_wconf 81' lang='lat' dir='ltr'><strong>iactatae</strong></span> <span class='ocrx_word' id='word_1_742' title='bbox 2876 3811 2931 3854; x_wconf 87' lang='lat' dir='ltr'><strong>et</strong></span> <span class='ocrx_word' id='word_1_743' title='bbox 2980 3813 3186 3866; x_wconf 86' lang='lat' dir='ltr'><strong>motae,</strong></span> <span class='ocrx_word' id='word_1_744' title='bbox 3232 3817 3290 3854; x_wconf 85' lang='lat' dir='ltr'><strong>ut</strong></span> <span class='ocrx_word' id='word_1_745' title='bbox 3339 3807 3480 3869; x_wconf 82' lang='lat' dir='ltr'><strong>apud</strong></span> <span class='ocrx_word' id='word_1_746' title='bbox 3528 3807 3641 3854; x_wconf 72' lang='lat' dir='ltr'><strong>Ari-</strong></span> 
     </span>
     <span class='ocr_line' id='line_1_111' title="bbox 2125 3870 3639 3937; baseline 0.001 -17"><span class='ocrx_word' id='word_1_747' title='bbox 2125 3871 2306 3935; x_wconf 82' lang='lat' dir='ltr'><strong>steph.</strong></span> <span class='ocrx_word' id='word_1_748' title='bbox 2331 3871 2457 3921; x_wconf 91' lang='lat' dir='ltr'><strong>Pac.</strong></span> <span class='ocrx_word' id='word_1_749' title='bbox 2493 3874 2586 3922; x_wconf 82' lang='lat'><strong>156</strong></span> <span class='ocrx_word' id='word_1_750' title='bbox 2621 3871 2746 3922; x_wconf 79' lang='grc' dir='ltr'>ἀλλ’</span> <span class='ocrx_word' id='word_1_751' title='bbox 2771 3871 2889 3933; x_wconf 81' lang='grc' dir='ltr'>ἄγε,</span> <span class='ocrx_word' id='word_1_752' title='bbox 2925 3870 3178 3937; x_wconf 86' lang='grc' dir='ltr'>Πήγασε,</span> <span class='ocrx_word' id='word_1_753' title='bbox 3216 3874 3639 3937; x_wconf 73' lang='lat' dir='ltr'><strong>xd·petx‹1ipmv,</strong></span> 
     </span>
     <span class='ocr_line' id='line_1_112' title="bbox 2125 3937 3636 4003; baseline 0.003 -16"><span class='ocrx_word' id='word_1_754' title='bbox 2125 3937 2532 4001; x_wconf 86' lang='grc' dir='ltr'>χρυσοχάλινον</span> <span class='ocrx_word' id='word_1_755' title='bbox 2573 3938 2831 4002; x_wconf 85' lang='grc' dir='ltr'>πάταγον</span> <span class='ocrx_word' id='word_1_756' title='bbox 2878 3939 3101 4001; x_wconf 87' lang='grc' dir='ltr'>ψαλίων</span> <span class='ocrx_word' id='word_1_757' title='bbox 3146 3941 3465 4003; x_wconf 85' lang='grc' dir='ltr'>διακινήσας</span> <span class='ocrx_word' id='word_1_758' title='bbox 3514 3956 3636 4002; x_wconf 84' lang='grc' dir='ltr'>φαι·</span> 
     </span>
     <span class='ocr_line' id='line_1_113' title="bbox 2125 4004 3639 4073; baseline 0.005 -18"><span class='ocrx_word' id='word_1_759' title='bbox 2125 4006 2274 4068; x_wconf 89' lang='grc' dir='ltr'>δροῑς</span> <span class='ocrx_word' id='word_1_760' title='bbox 2296 4004 2452 4060; x_wconf 87' lang='grc' dir='ltr'>ὠσίν.</span> <span class='ocrx_word' id='word_1_761' title='bbox 2482 4007 2625 4073; x_wconf 89' lang='lat' dir='ltr'><strong>quod</strong></span> <span class='ocrx_word' id='word_1_762' title='bbox 2644 4007 2806 4058; x_wconf 77' lang='lat' dir='ltr'><strong>schol.</strong></span> <span class='ocrx_word' id='word_1_763' title='bbox 2830 4007 3070 4072; x_wconf 84' lang='lat' dir='ltr'><strong>explicat</strong></span> <span class='ocrx_word' id='word_1_764' title='bbox 3093 4008 3312 4072; x_wconf 81' lang='grc' dir='ltr'>πραέσι,</span> <span class='ocrx_word' id='word_1_765' title='bbox 3342 4010 3414 4072; x_wconf 84' lang='grc' dir='ltr'>μὴ</span> <span class='ocrx_word' id='word_1_766' title='bbox 3436 4011 3639 4072; x_wconf 86' lang='grc' dir='ltr'>όρθοίς.</span> 
     </span>
     <span class='ocr_line' id='line_1_114' title="bbox 2125 4074 3643 4141; baseline 0.002 -18"><span class='ocrx_word' id='word_1_767' title='bbox 2125 4074 2345 4124; x_wconf 83' lang='lat' dir='ltr'><strong>Partem</strong></span> <span class='ocrx_word' id='word_1_768' title='bbox 2391 4077 2506 4125; x_wconf 86' lang='lat' dir='ltr'><strong>veri</strong></span> <span class='ocrx_word' id='word_1_769' title='bbox 2553 4075 2761 4126; x_wconf 84' lang='lat' dir='ltr'><strong>viderat</strong></span> <span class='ocrx_word' id='word_1_770' title='bbox 2802 4074 3162 4136; x_wconf 84' lang='lat' dir='ltr'><strong>Blomfieldus,</strong></span> <span class='ocrx_word' id='word_1_771' title='bbox 3204 4093 3363 4141; x_wconf 88' lang='lat' dir='ltr'><strong>quum</strong></span> <span class='ocrx_word' id='word_1_772' title='bbox 3403 4077 3643 4140; x_wconf 86' lang='grc' dir='ltr'>φαιδρω-</span> 
     </span>
     <span class='ocr_line' id='line_1_115' title="bbox 2124 4139 3643 4208; baseline 0.001 -16"><span class='ocrx_word' id='word_1_773' title='bbox 2124 4139 2231 4202; x_wconf 88' lang='grc' dir='ltr'><strong>πός</strong></span> <span class='ocrx_word' id='word_1_774' title='bbox 2267 4143 2580 4204; x_wconf 86' lang='lat' dir='ltr'><strong>coniiceret,</strong></span> <span class='ocrx_word' id='word_1_775' title='bbox 2620 4153 2677 4192; x_wconf 91' lang='lat' dir='ltr'><strong>ut</strong></span> <span class='ocrx_word' id='word_1_776' title='bbox 2714 4142 2955 4208; x_wconf 77' lang='lat' dir='ltr'><strong>Xenoph.</strong></span> <span class='ocrx_word' id='word_1_777' title='bbox 2990 4142 3122 4206; x_wconf 80' lang='lat' dir='ltr'><strong>Cyn.</strong></span> <span class='ocrx_word' id='word_1_778' title='bbox 3150 4149 3197 4204; x_wconf 84' lang='lat'><strong>4,</strong></span> <span class='ocrx_word' id='word_1_779' title='bbox 3235 4149 3265 4193; x_wconf 87' lang='grc'><strong>2</strong></span> <span class='ocrx_word' id='word_1_780' title='bbox 3304 4162 3469 4194; x_wconf 80' lang='lat' dir='ltr'><strong>canes</strong></span> <span class='ocrx_word' id='word_1_781' title='bbox 3506 4145 3643 4194; x_wconf 87' lang='lat' dir='ltr'><strong>dixit</strong></span> 
     </span>
     <span class='ocr_line' id='line_1_116' title="bbox 2125 4209 3641 4275; baseline 0.002 -16"><span class='ocrx_word' id='word_1_782' title='bbox 2125 4211 2239 4260; x_wconf 87' lang='grc' dir='ltr'><strong>άπὸ</strong></span> <span class='ocrx_word' id='word_1_783' title='bbox 2282 4212 2405 4260; x_wconf 89' lang='grc' dir='ltr'><strong>τῶν</strong></span> <span class='ocrx_word' id='word_1_784' title='bbox 2459 4210 2792 4275; x_wconf 83' lang='grc' dir='ltr'>προσώπων</span> <span class='ocrx_word' id='word_1_785' title='bbox 2848 4209 3122 4275; x_wconf 86' lang='grc' dir='ltr'>φαιδροὺς</span> <span class='ocrx_word' id='word_1_786' title='bbox 3182 4212 3271 4261; x_wconf 88' lang='grc' dir='ltr'>καί</span> <span class='ocrx_word' id='word_1_787' title='bbox 3317 4212 3641 4274; x_wconf 84' lang='grc' dir='ltr'>εὐστόμους.</span> 
     </span>
     <span class='ocr_line' id='line_1_117' title="bbox 2127 4277 3639 4346; baseline 0.003 -20"><span class='ocrx_word' id='word_1_788' title='bbox 2127 4279 2246 4327; x_wconf 90' lang='lat' dir='ltr'><strong>Non</strong></span> <span class='ocrx_word' id='word_1_789' title='bbox 2283 4279 2457 4329; x_wconf 89' lang='lat' dir='ltr'><strong>minus</strong></span> <span class='ocrx_word' id='word_1_790' title='bbox 2494 4286 2701 4329; x_wconf 87' lang='lat' dir='ltr'><strong>certum</strong></span> <span class='ocrx_word' id='word_1_791' title='bbox 2738 4285 2821 4328; x_wconf 65' lang='lat' dir='ltr'><strong>est</strong></span> <span class='ocrx_word' id='word_1_792' title='bbox 2868 4279 2957 4328; x_wconf 82' lang='grc' dir='ltr'><strong>καί</strong></span> <span class='ocrx_word' id='word_1_793' title='bbox 2997 4277 3279 4331; x_wconf 87' lang='grc' dir='ltr'>κτείνασαι</span> <span class='ocrx_word' id='word_1_794' title='bbox 3326 4282 3467 4346; x_wconf 86' lang='lat' dir='ltr'><strong>quod</strong></span> <span class='ocrx_word' id='word_1_795' title='bbox 3508 4283 3639 4345; x_wconf 83' lang='lat' dir='ltr'><strong>lege-</strong></span> 
     </span>
     <span class='ocr_line' id='line_1_118' title="bbox 2129 4346 3643 4409; baseline 0.002 -14"><span class='ocrx_word' id='word_1_796' title='bbox 2129 4346 2316 4409; x_wconf 90' lang='lat' dir='ltr'><strong>batur,</strong></span> <span class='ocrx_word' id='word_1_797' title='bbox 2358 4363 2463 4398; x_wconf 90' lang='lat' dir='ltr'><strong>non</strong></span> <span class='ocrx_word' id='word_1_798' title='bbox 2501 4348 2557 4397; x_wconf 87' lang='lat' dir='ltr'><strong>in</strong></span> <span class='ocrx_word' id='word_1_799' title='bbox 2593 4348 2931 4398; x_wconf 85' lang='grc' dir='ltr'>κάκτείνασα</span> <span class='ocrx_word' id='word_1_800' title='bbox 2968 4348 3283 4397; x_wconf 81' lang='lat' dir='ltr'><strong>mutandum</strong></span> <span class='ocrx_word' id='word_1_801' title='bbox 3321 4351 3488 4398; x_wconf 83' lang='lat' dir='ltr'><strong>fuisse</strong></span> <span class='ocrx_word' id='word_1_802' title='bbox 3525 4365 3643 4398; x_wconf 85' lang='lat' dir='ltr'><strong>cum</strong></span> 
     </span>
     <span class='ocr_line' id='line_1_119' title="bbox 2127 4414 3641 4481; baseline 0.002 -18"><span class='ocrx_word' id='word_1_803' title='bbox 2127 4414 2381 4476; x_wconf 88' lang='lat' dir='ltr'><strong>Cantero,</strong></span> <span class='ocrx_word' id='word_1_804' title='bbox 2420 4415 2512 4465; x_wconf 89' lang='lat' dir='ltr'><strong>sed</strong></span> <span class='ocrx_word' id='word_1_805' title='bbox 2550 4415 2606 4464; x_wconf 89' lang='lat' dir='ltr'><strong>in</strong></span> <span class='ocrx_word' id='word_1_806' title='bbox 2644 4415 2734 4465; x_wconf 79' lang='grc' dir='ltr'><strong>καί</strong></span> <span class='ocrx_word' id='word_1_807' title='bbox 2760 4414 2993 4467; x_wconf 85' lang='grc' dir='ltr'>κλίνασα</span> <span class='ocrx_word' id='word_1_808' title='bbox 3029 4430 3149 4464; x_wconf 87' lang='lat' dir='ltr'><strong>cum</strong></span> <span class='ocrx_word' id='word_1_809' title='bbox 3173 4417 3458 4472; x_wconf 84' lang='lat' dir='ltr'><strong>Ahrensio.</strong></span> <span class='ocrx_word' id='word_1_810' title='bbox 3501 4420 3641 4481; x_wconf 80' lang='lat' dir='ltr'><strong>quod</strong></span> 
     </span>
     <span class='ocr_line' id='line_1_120' title="bbox 2125 4483 3646 4546; baseline 0.001 -15"><span class='ocrx_word' id='word_1_811' title='bbox 2125 4498 2283 4532; x_wconf 83' lang='lat' dir='ltr'><strong>aures</strong></span> <span class='ocrx_word' id='word_1_812' title='bbox 2332 4483 2594 4532; x_wconf 86' lang='lat' dir='ltr'><strong>demissus</strong></span> <span class='ocrx_word' id='word_1_813' title='bbox 2641 4483 2913 4546; x_wconf 80' lang='lat' dir='ltr'><strong>signifieat</strong></span> <span class='ocrx_word' id='word_1_814' title='bbox 2959 4485 3112 4533; x_wconf 81' lang='lat' dir='ltr'><strong>canis</strong></span> <span class='ocrx_word' id='word_1_815' title='bbox 3160 4485 3529 4545; x_wconf 78' lang='lat' dir='ltr'><strong>blandientis,</strong></span> <span class='ocrx_word' id='word_1_816' title='bbox 3586 4491 3646 4533; x_wconf 93' lang='lat' dir='ltr'><strong>ut</strong></span> 
     </span>
     <span class='ocr_line' id='line_1_121' title="bbox 2125 4550 3643 4618; baseline 0.003 -19"><span class='ocrx_word' id='word_1_817' title='bbox 2125 4550 2269 4615; x_wconf 86' lang='lat' dir='ltr'><strong>apud</strong></span> <span class='ocrx_word' id='word_1_818' title='bbox 2307 4551 2599 4600; x_wconf 84' lang='lat' dir='ltr'><strong>Homerum</strong></span> <span class='ocrx_word' id='word_1_819' title='bbox 2648 4551 2749 4601; x_wconf 72' lang='lat' dir='ltr'><strong>od.</strong></span> <span class='ocrx_word' id='word_1_820' title='bbox 2791 4555 2878 4612; x_wconf 88' lang='grc'><strong>16,</strong></span> <span class='ocrx_word' id='word_1_821' title='bbox 2918 4555 3016 4602; x_wconf 87' lang='grc'><strong>302</strong></span> <span class='ocrx_word' id='word_1_822' title='bbox 3062 4552 3128 4602; x_wconf 88' lang='lat' dir='ltr'><strong>de</strong></span> <span class='ocrx_word' id='word_1_823' title='bbox 3168 4554 3313 4616; x_wconf 78' lang='lat' dir='ltr'><strong>Argo</strong></span> <span class='ocrx_word' id='word_1_824' title='bbox 3363 4552 3502 4618; x_wconf 86' lang='grc' dir='ltr'>οὐρῇ</span> <span class='ocrx_word' id='word_1_825' title='bbox 3542 4552 3643 4614; x_wconf 83' lang='grc' dir='ltr'><strong>μέν</strong></span> 
     </span>
     <span class='ocr_line' id='line_1_122' title="bbox 2125 4617 3642 4686; baseline 0.001 -18"><span class='ocrx_word' id='word_1_826' title='bbox 2125 4617 2177 4681; x_wconf 84' lang='grc' dir='ltr'><strong>ῥ’</strong></span> <span class='ocrx_word' id='word_1_827' title='bbox 2202 4617 2289 4680; x_wconf 84' lang='grc' dir='ltr'><strong>ὅγ’</strong></span> <span class='ocrx_word' id='word_1_828' title='bbox 2323 4618 2488 4683; x_wconf 78' lang='grc' dir='ltr'>ἔσηνε</span> <span class='ocrx_word' id='word_1_829' title='bbox 2528 4619 2617 4669; x_wconf 88' lang='grc' dir='ltr'><strong>καὶ</strong></span> <span class='ocrx_word' id='word_1_830' title='bbox 2654 4619 2823 4670; x_wconf 88' lang='grc' dir='ltr'>οῠατε</span> <span class='ocrx_word' id='word_1_831' title='bbox 2863 4617 3137 4682; x_wconf 83' lang='grc' dir='ltr'>κάββαλεν</span> <span class='ocrx_word' id='word_1_832' title='bbox 3163 4620 3359 4682; x_wconf 82' lang='grc' dir='ltr'>ἄμφω,</span> <span class='ocrx_word' id='word_1_833' title='bbox 3400 4622 3642 4686; x_wconf 84' lang='lat' dir='ltr'><strong>Xenoph.</strong></span> 
     </span>
     <span class='ocr_line' id='line_1_123' title="bbox 2127 4685 3641 4753; baseline 0.003 -19"><span class='ocrx_word' id='word_1_834' title='bbox 2127 4687 2263 4749; x_wconf 80' lang='lat' dir='ltr'><strong>Cyn.</strong></span> <span class='ocrx_word' id='word_1_835' title='bbox 2301 4689 2358 4747; x_wconf 75' lang='lat'><strong>4,</strong></span> <span class='ocrx_word' id='word_1_836' title='bbox 2396 4693 2427 4737; x_wconf 81' lang='lat'><strong>3</strong></span> <span class='ocrx_word' id='word_1_837' title='bbox 2473 4685 2823 4749; x_wconf 83' lang='grc' dir='ltr'>ἐμμειδιῶσαι</span> <span class='ocrx_word' id='word_1_838' title='bbox 2870 4687 2970 4749; x_wconf 85' lang='grc' dir='ltr'><strong>μέν</strong></span> <span class='ocrx_word' id='word_1_839' title='bbox 3014 4689 3154 4752; x_wconf 85' lang='grc' dir='ltr'>πρὸς</span> <span class='ocrx_word' id='word_1_840' title='bbox 3199 4692 3269 4738; x_wconf 83' lang='grc' dir='ltr'><strong>τα</strong></span> <span class='ocrx_word' id='word_1_841' title='bbox 3320 4689 3472 4753; x_wconf 83' lang='grc' dir='ltr'>ἴχνη,</span> <span class='ocrx_word' id='word_1_842' title='bbox 3529 4688 3641 4739; x_wconf 81' lang='grc' dir='ltr'>ἐπι-</span> 
     </span>
     <span class='ocr_line' id='line_1_124' title="bbox 2126 4752 3640 4871; baseline 0.003 -68"><span class='ocrx_word' id='word_1_843' title='bbox 2126 4752 2573 4871; x_wconf 48' lang='grc' dir='ltr'>κὲτὲβάλλουσαι</span> <span class='ocrx_word' id='word_1_844' title='bbox 2608 4755 2667 4806; x_wconf 81' lang='grc' dir='ltr'>δέ</span> <span class='ocrx_word' id='word_1_845' title='bbox 2703 4756 2772 4806; x_wconf 84' lang='grc' dir='ltr'><strong>τὰ</strong></span> <span class='ocrx_word' id='word_1_846' title='bbox 2810 4753 2959 4818; x_wconf 79' lang='grc' dir='ltr'>ὦτα,</span> <span class='ocrx_word' id='word_1_847' title='bbox 2999 4761 3055 4805; x_wconf 90' lang='lat' dir='ltr'><strong>et</strong></span> <span class='ocrx_word' id='word_1_848' title='bbox 3080 4759 3129 4819; x_wconf 84' lang='grc'><strong>6,</strong></span> <span class='ocrx_word' id='word_1_849' title='bbox 3162 4760 3221 4805; x_wconf 80' lang='lat'><strong>15</strong></span> <span class='ocrx_word' id='word_1_850' title='bbox 3259 4755 3640 4808; x_wconf 80' lang='grc' dir='ltr'>ἐπικλίνουσαι</span> 
     </span>
     <span class='ocr_line' id='line_1_125' title="bbox 2123 4836 3552 4874; baseline 0.002 -3"><span class='ocrx_word' id='word_1_851' title='bbox 2123 4836 2158 4871; x_wconf 90' lang='grc' dir='ltr'><strong>τ</strong></span> <span class='ocrx_word' id='word_1_852' title='bbox 2286 4836 2371 4873; x_wconf 87' lang='grc' dir='ltr'><strong>τα.</strong></span> <span class='ocrx_word' id='word_1_853' title='bbox 3544 4861 3552 4874; x_wconf 91' lang='grc'>.</span> 
     </span>
    </p>

    <p class='ocr_par' dir='ltr' id='par_1_29' title="bbox 2124 4890 3639 5090">
     <span class='ocr_line' id='line_1_126' title="bbox 2193 4890 3637 4957; baseline 0.003 -17"><span class='ocrx_word' id='word_1_854' title='bbox 2193 4892 2290 4941; x_wconf 93' lang='grc'><strong>367</strong></span> <span class='ocrx_word' id='word_1_855' title='bbox 2311 4892 2360 4940; x_wconf 91' lang='lat' dir='ltr'><strong>b.</strong></span> <span class='ocrx_word' id='word_1_856' title='bbox 2408 4890 2574 4956; x_wconf 87' lang='grc' dir='ltr'>τύχη</span> <span class='ocrx_word' id='word_1_857' title='bbox 2615 4891 2708 4942; x_wconf 87' lang='lat' dir='ltr'><strong>lin.</strong></span> <span class='ocrx_word' id='word_1_858' title='bbox 2750 4897 2797 4941; x_wconf 82' lang='lat'><strong>3.</strong></span> <span class='ocrx_word' id='word_1_859' title='bbox 2873 4894 2935 4942; x_wconf 87' lang='lat' dir='ltr'><strong>In</strong></span> <span class='ocrx_word' id='word_1_860' title='bbox 2972 4908 3129 4942; x_wconf 79' lang='lat' dir='ltr'><strong>versu</strong></span> <span class='ocrx_word' id='word_1_861' title='bbox 3165 4892 3313 4957; x_wconf 84' lang='lat' dir='ltr'><strong>Sept.</strong></span> <span class='ocrx_word' id='word_1_862' title='bbox 3353 4897 3451 4943; x_wconf 86' lang='grc'><strong>826</strong></span> <span class='ocrx_word' id='word_1_863' title='bbox 3496 4893 3637 4957; x_wconf 85' lang='grc' dir='ltr'>τύχῃ</span> 
     </span>
     <span class='ocr_line' id='line_1_127' title="bbox 2124 4958 3639 5088; baseline 0.004 -82"><span class='ocrx_word' id='word_1_864' title='bbox 2124 4958 2427 5088; x_wconf 49' lang='lat' dir='ltr'><strong>{uidendum</strong></span> <span class='ocrx_word' id='word_1_865' title='bbox 2448 4977 2570 5011; x_wconf 84' lang='lat' dir='ltr'><strong>esse</strong></span> <span class='ocrx_word' id='word_1_866' title='bbox 2593 4959 2990 5011; x_wconf 69' lang='lat' dir='ltr'><strong>Scholeiieldus</strong></span> <span class='ocrx_word' id='word_1_867' title='bbox 3010 4961 3226 5011; x_wconf 83' lang='lat' dir='ltr'><strong>viderat</strong></span> <span class='ocrx_word' id='word_1_868' title='bbox 3252 4963 3304 5010; x_wconf 89' lang='lat' dir='ltr'><strong>iu</strong></span> <span class='ocrx_word' id='word_1_869' title='bbox 3329 4963 3639 5027; x_wconf 79' lang='lat' dir='ltr'><strong>Appendice</strong></span> 
     </span>
     <span class='ocr_line' id='line_1_128' title="bbox 2145 5029 2593 5090; baseline 0.011 -16"><span class='ocrx_word' id='word_1_870' title='bbox 2145 5042 2194 5076; x_wconf 90' lang='lat' dir='ltr'><strong>a.</strong></span> <span class='ocrx_word' id='word_1_871' title='bbox 2238 5029 2387 5090; x_wconf 81' lang='lat'>1833)</span> <span class='ocrx_word' id='word_1_872' title='bbox 2462 5064 2474 5077; x_wconf 92' lang='lat'><strong>.</strong></span> <span class='ocrx_word' id='word_1_873' title='bbox 2520 5031 2593 5080; x_wconf 81' lang='lat'><strong>14.</strong></span> 
     </span>
    </p>

    <p class='ocr_par' dir='ltr' id='par_1_30' title="bbox 2123 5045 3645 5503">
     <span class='ocr_line' id='line_1_129' title="bbox 2192 5045 3639 5160; baseline 0.004 -16"><span class='ocrx_word' id='word_1_874' title='bbox 2192 5095 2353 5145; x_wconf 83' lang='lat' dir='ltr'><strong>367b.</strong></span> <span class='ocrx_word' id='word_1_875' title='bbox 2407 5045 2596 5160; x_wconf 62' lang='grc' dir='ltr'>τρύχη.</span> <span class='ocrx_word' id='word_1_876' title='bbox 2672 5099 2748 5146; x_wconf 78' lang='lat' dir='ltr'><strong>ne</strong></span> <span class='ocrx_word' id='word_1_877' title='bbox 2808 5097 3029 5146; x_wconf 86' lang='lat' dir='ltr'><strong>fortuna</strong></span> <span class='ocrx_word' id='word_1_878' title='bbox 3083 5097 3316 5148; x_wconf 84' lang='lat' dir='ltr'><strong>adversa</strong></span> <span class='ocrx_word' id='word_1_879' title='bbox 3371 5099 3454 5151; x_wconf 86' lang='lat' dir='ltr'><strong>Pr.</strong></span> <span class='ocrx_word' id='word_1_880' title='bbox 3518 5102 3639 5149; x_wconf 79' lang='lat'>1057</span> 
     </span>
     <span class='ocr_line' id='line_1_130' title="bbox 2123 5160 3645 5229; baseline 0.003 -18"><span class='ocrx_word' id='word_1_881' title='bbox 2123 5160 2309 5212; x_wconf 85' lang='grc' dir='ltr'>τοιάδε</span> <span class='ocrx_word' id='word_1_882' title='bbox 2363 5162 2554 5224; x_wconf 90' lang='grc' dir='ltr'>μέντοι</span> <span class='ocrx_word' id='word_1_883' title='bbox 2597 5167 2717 5215; x_wconf 84' lang='grc' dir='ltr'><strong>τῶν</strong></span> <span class='ocrx_word' id='word_1_884' title='bbox 2763 5164 3220 5229; x_wconf 87' lang='grc' dir='ltr'>φρενοπλήκτων</span> <span class='ocrx_word' id='word_1_885' title='bbox 3257 5167 3267 5228; x_wconf 86' lang='lat' dir='ltr'><strong>l</strong></span> <span class='ocrx_word' id='word_1_886' title='bbox 3309 5165 3645 5228; x_wconf 79' lang='grc' dir='ltr'>βουλεύματ’</span> 
     </span>
     <span class='ocr_line' id='line_1_131' title="bbox 2125 5229 3641 5299; baseline 0.004 -19"><span class='ocrx_word' id='word_1_887' title='bbox 2125 5229 2235 5294; x_wconf 80' lang='grc' dir='ltr'><strong>ἔπη</strong></span> <span class='ocrx_word' id='word_1_888' title='bbox 2273 5230 2326 5280; x_wconf 77' lang='grc' dir='ltr'><strong>τ’</strong></span> <span class='ocrx_word' id='word_1_889' title='bbox 2349 5230 2504 5282; x_wconf 80' lang='grc' dir='ltr'>ἔστιν</span> <span class='ocrx_word' id='word_1_890' title='bbox 2540 5230 2790 5283; x_wconf 86' lang='grc' dir='ltr'>ἀκοῦσαι.</span> <span class='ocrx_word' id='word_1_891' title='bbox 2824 5236 2832 5295; x_wconf 90' lang='grc' dir='ltr'>Ι</span> <span class='ocrx_word' id='word_1_892' title='bbox 2862 5231 2916 5283; x_wconf 87' lang='grc' dir='ltr'><strong>τί</strong></span> <span class='ocrx_word' id='word_1_893' title='bbox 2951 5235 3056 5297; x_wconf 89' lang='grc' dir='ltr'><strong>γὰρ</strong></span> <span class='ocrx_word' id='word_1_894' title='bbox 3088 5232 3330 5285; x_wconf 87' lang='grc' dir='ltr'>ἐλλείπει</span> <span class='ocrx_word' id='word_1_895' title='bbox 3368 5236 3439 5297; x_wconf 88' lang='grc' dir='ltr'>μή</span> <span class='ocrx_word' id='word_1_896' title='bbox 3466 5249 3641 5299; x_wconf 89' lang='grc' dir='ltr'>παρα·</span> 
     </span>
     <span class='ocr_line' id='line_1_132' title="bbox 2125 5295 3640 5367; baseline 0.003 -19"><span class='ocrx_word' id='word_1_897' title='bbox 2125 5295 2309 5348; x_wconf 88' lang='grc' dir='ltr'>παίειν</span> <span class='ocrx_word' id='word_1_898' title='bbox 2344 5299 2379 5360; x_wconf 89' lang='grc' dir='ltr'>ή</span> <span class='ocrx_word' id='word_1_899' title='bbox 2419 5299 2584 5351; x_wconf 88' lang='grc' dir='ltr'>τοῦδε</span> <span class='ocrx_word' id='word_1_900' title='bbox 2621 5299 2789 5365; x_wconf 78' lang='grc' dir='ltr'>τύχης</span> <span class='ocrx_word' id='word_1_901' title='bbox 2826 5299 2879 5352; x_wconf 90' lang='grc' dir='ltr'><strong>τί</strong></span> <span class='ocrx_word' id='word_1_902' title='bbox 2916 5302 3061 5367; x_wconf 84' lang='grc' dir='ltr'>χαλᾷ</span> <span class='ocrx_word' id='word_1_903' title='bbox 3097 5304 3339 5364; x_wconf 77' lang='grc' dir='ltr'>μανιῶνς</span> <span class='ocrx_word' id='word_1_904' title='bbox 3386 5306 3525 5353; x_wconf 85' lang='lat' dir='ltr'><strong>Nam</strong></span> <span class='ocrx_word' id='word_1_905' title='bbox 3559 5306 3640 5353; x_wconf 87' lang='lat' dir='ltr'><strong>sie</strong></span> 
     </span>
     <span class='ocr_line' id='line_1_133' title="bbox 2124 5366 3639 5436; baseline 0.005 -21"><span class='ocrx_word' id='word_1_906' title='bbox 2124 5367 2232 5428; x_wconf 79' lang='lat' dir='ltr'><strong>(vel</strong></span> <span class='ocrx_word' id='word_1_907' title='bbox 2270 5369 2341 5431; x_wconf 82' lang='grc' dir='ltr'><strong>τῇ</strong></span> <span class='ocrx_word' id='word_1_908' title='bbox 2378 5367 2546 5420; x_wconf 83' lang='grc' dir='ltr'>τοῦδε</span> <span class='ocrx_word' id='word_1_909' title='bbox 2584 5366 2749 5434; x_wconf 86' lang='grc' dir='ltr'>τύχῃ)</span> <span class='ocrx_word' id='word_1_910' title='bbox 2794 5371 3002 5419; x_wconf 80' lang='lat' dir='ltr'><strong>correxi</strong></span> <span class='ocrx_word' id='word_1_911' title='bbox 3040 5372 3179 5435; x_wconf 83' lang='lat' dir='ltr'><strong>quod</strong></span> <span class='ocrx_word' id='word_1_912' title='bbox 3218 5377 3301 5420; x_wconf 88' lang='lat' dir='ltr'><strong>est</strong></span> <span class='ocrx_word' id='word_1_913' title='bbox 3336 5372 3391 5419; x_wconf 88' lang='lat' dir='ltr'><strong>in</strong></span> <span class='ocrx_word' id='word_1_914' title='bbox 3430 5372 3564 5422; x_wconf 82' lang='lat' dir='ltr'><strong>Med.</strong></span> <span class='ocrx_word' id='word_1_915' title='bbox 3603 5370 3639 5436; x_wconf 79' lang='grc' dir='ltr'>ἦ</span> 
     </span>
     <span class='ocr_line' id='line_1_134' title="bbox 2123 5433 3641 5503; baseline 0.003 -19"><span class='ocrx_word' id='word_1_916' title='bbox 2123 5433 2277 5485; x_wconf 83' lang='grc' dir='ltr'>τοῦδ’</span> <span class='ocrx_word' id='word_1_917' title='bbox 2313 5433 2519 5498; x_wconf 88' lang='grc' dir='ltr'>εὐτυχῆ</span> <span class='ocrx_word' id='word_1_918' title='bbox 2558 5436 2899 5499; x_wconf 81' lang='lat' dir='ltr'><strong>(aceentibus</strong></span> <span class='ocrx_word' id='word_1_919' title='bbox 2936 5453 3099 5503; x_wconf 85' lang='lat' dir='ltr'><strong>super</strong></span> <span class='ocrx_word' id='word_1_920' title='bbox 3135 5454 3169 5503; x_wconf 90' lang='grc' dir='ltr'><strong>η</strong></span> <span class='ocrx_word' id='word_1_921' title='bbox 3209 5446 3265 5488; x_wconf 87' lang='lat' dir='ltr'><strong>et</strong></span> <span class='ocrx_word' id='word_1_922' title='bbox 3302 5453 3333 5488; x_wconf 98' lang='grc' dir='ltr'>υ</span> <span class='ocrx_word' id='word_1_923' title='bbox 3372 5456 3405 5487; x_wconf 87' lang='lat' dir='ltr'><strong>a</strong></span> <span class='ocrx_word' id='word_1_924' title='bbox 3439 5457 3641 5494; x_wconf 82' lang='lat' dir='ltr'><strong>1n‚rec.</strong></span> 
     </span>
    </p>
   </div>
   <div class='ocr_carea' id='block_1_16' title="bbox 2125 5502 3731 5575">
    <p class='ocr_par' dir='ltr' id='par_1_31' title="bbox 2125 5502 3731 5575">
     <span class='ocr_line' id='line_1_135' title="bbox 2125 5502 3731 5575; baseline 0.004 -24"><span class='ocrx_word' id='word_1_925' title='bbox 2125 5502 2331 5552; x_wconf 83' lang='lat' dir='ltr'><strong>additis</strong></span> <span class='ocrx_word' id='word_1_926' title='bbox 2377 5503 2760 5569; x_wconf 84' lang='lat' dir='ltr'><strong>adscriptoquo</strong></span> <span class='ocrx_word' id='word_1_927' title='bbox 2814 5507 2867 5555; x_wconf 89' lang='lat' dir='ltr'><strong>in</strong></span> <span class='ocrx_word' id='word_1_928' title='bbox 2919 5522 3086 5571; x_wconf 86' lang='lat' dir='ltr'><strong>marg.</strong></span> <span class='ocrx_word' id='word_1_929' title='bbox 3135 5505 3182 5557; x_wconf 85' lang='grc' dir='ltr'><strong>εί</strong></span> <span class='ocrx_word' id='word_1_930' title='bbox 3226 5505 3408 5570; x_wconf 82' lang='grc' dir='ltr'>τάδ’),</span> <span class='ocrx_word' id='word_1_931' title='bbox 3463 5525 3640 5559; x_wconf 81' lang='lat' dir='ltr'><strong>emen·</strong></span> <span class='ocrx_word' id='word_1_932' title='bbox 3709 5549 3731 5575; x_wconf 71' lang='lat'><strong>,</strong></span> 
     </span>
    </p>
   </div>
   <div class='ocr_carea' id='block_1_17' title="bbox 2125 5570 3639 5641">
    <p class='ocr_par' dir='ltr' id='par_1_32' title="bbox 2125 5570 3639 5641">
     <span class='ocr_line' id='line_1_136' title="bbox 2125 5570 3639 5641; baseline 0.005 -22"><span class='ocrx_word' id='word_1_933' title='bbox 2125 5570 2349 5621; x_wconf 86' lang='lat' dir='ltr'><strong>datione</strong></span> <span class='ocrx_word' id='word_1_934' title='bbox 2394 5574 2716 5627; x_wconf 82' lang='lat' dir='ltr'><strong>certissima.</strong></span> <span class='ocrx_word' id='word_1_935' title='bbox 2800 5574 2935 5623; x_wconf 88' lang='lat' dir='ltr'><strong>Nam</strong></span> <span class='ocrx_word' id='word_1_936' title='bbox 2979 5580 3105 5640; x_wconf 85' lang='lat' dir='ltr'><strong>post</strong></span> <span class='ocrx_word' id='word_1_937' title='bbox 3150 5575 3374 5625; x_wconf 86' lang='lat' dir='ltr'><strong>duorum</strong></span> <span class='ocrx_word' id='word_1_938' title='bbox 3423 5593 3639 5641; x_wconf 76' lang='lat' dir='ltr'><strong>praeee-</strong></span> 
     </span>
    </p>
   </div>
   <div class='ocr_carea' id='block_1_18' title="bbox 542 5630 3641 5844">
    <p class='ocr_par' dir='ltr' id='par_1_33' title="bbox 542 5630 3641 5844">
     <span class='ocr_line' id='line_1_137' title="bbox 545 5630 3641 5706; baseline 0.005 -26"><span class='ocrx_word' id='word_1_939' title='bbox 545 5630 864 5698; x_wconf 83' lang='grc' dir='ltr'>μηχάνημα,</span> <span class='ocrx_word' id='word_1_940' title='bbox 903 5633 1111 5697; x_wconf 89' lang='grc' dir='ltr'>δεσμὸν</span> <span class='ocrx_word' id='word_1_941' title='bbox 1147 5633 1324 5703; x_wconf 86' lang='grc' dir='ltr'>ἀθλίῳ</span> <span class='ocrx_word' id='word_1_942' title='bbox 1352 5636 1520 5701; x_wconf 81' lang='grc' dir='ltr'>πατρὶ</span> <span class='ocrx_word' id='word_1_943' title='bbox 1553 5637 1726 5700; x_wconf 85' lang='grc' dir='ltr'>πέδας</span> <span class='ocrx_word' id='word_1_944' title='bbox 1761 5653 1824 5690; x_wconf 91' lang='grc' dir='ltr'><strong>τε</strong></span> <span class='ocrx_word' id='word_1_945' title='bbox 1861 5642 2071 5703; x_wconf 84' lang='grc' dir='ltr'>χειροῖν</span> <span class='ocrx_word' id='word_1_946' title='bbox 2123 5640 2363 5689; x_wconf 87' lang='lat' dir='ltr'><strong>dentium</strong></span> <span class='ocrx_word' id='word_1_947' title='bbox 2385 5654 2629 5689; x_wconf 85' lang='lat' dir='ltr'><strong>versuum</strong></span> <span class='ocrx_word' id='word_1_948' title='bbox 2651 5645 2980 5693; x_wconf 85' lang='lat' dir='ltr'><strong>senteutiam</strong></span> <span class='ocrx_word' id='word_1_949' title='bbox 3002 5645 3308 5706; x_wconf 82' lang='lat' dir='ltr'><strong>generalem</strong></span> <span class='ocrx_word' id='word_1_950' title='bbox 3329 5647 3641 5696; x_wconf 81' lang='lat' dir='ltr'><strong>necessario</strong></span> 
     </span>
     <span class='ocr_line' id='line_1_138' title="bbox 545 5700 3641 5776; baseline 0.004 -24"><span class='ocrx_word' id='word_1_951' title='bbox 545 5700 642 5752; x_wconf 78' lang='grc' dir='ltr'><strong>καί</strong></span> <span class='ocrx_word' id='word_1_952' title='bbox 679 5701 874 5752; x_wconf 86' lang='grc' dir='ltr'>ποδῶν</span> <span class='ocrx_word' id='word_1_953' title='bbox 898 5701 1192 5769; x_wconf 81' lang='grc' dir='ltr'>ξυνωρίδα.</span> <span class='ocrx_word' id='word_1_954' title='bbox 1233 5705 1374 5770; x_wconf 89' lang='lat' dir='ltr'><strong>quod</strong></span> <span class='ocrx_word' id='word_1_955' title='bbox 1411 5704 1478 5755; x_wconf 91' lang='lat' dir='ltr'><strong>de</strong></span> <span class='ocrx_word' id='word_1_956' title='bbox 1506 5707 1829 5757; x_wconf 83' lang='lat' dir='ltr'><strong>vestimento</strong></span> <span class='ocrx_word' id='word_1_957' title='bbox 1864 5707 2067 5758; x_wconf 88' lang='lat' dir='ltr'><strong>dictum</strong></span> <span class='ocrx_word' id='word_1_958' title='bbox 2124 5709 2280 5774; x_wconf 88' lang='lat' dir='ltr'><strong>sequi</strong></span> <span class='ocrx_word' id='word_1_959' title='bbox 2337 5709 2573 5758; x_wconf 81' lang='lat' dir='ltr'><strong>debebat</strong></span> <span class='ocrx_word' id='word_1_960' title='bbox 2635 5710 2935 5760; x_wconf 82' lang='lat' dir='ltr'><strong>Promethei</strong></span> <span class='ocrx_word' id='word_1_961' title='bbox 2996 5727 3256 5776; x_wconf 80' lang='lat' dir='ltr'><strong>personae</strong></span> <span class='ocrx_word' id='word_1_962' title='bbox 3312 5712 3641 5775; x_wconf 80' lang='lat' dir='ltr'><strong>significatio</strong></span> 
     </span>
     <span class='ocr_line' id='line_1_139' title="bbox 542 5768 3641 5844; baseline 0.004 -24"><span class='ocrx_word' id='word_1_963' title='bbox 542 5775 632 5820; x_wconf 84' lang='lat' dir='ltr'><strong>est</strong></span> <span class='ocrx_word' id='word_1_964' title='bbox 669 5768 828 5818; x_wconf 77' lang='lat' dir='ltr'><strong>cuius</strong></span> <span class='ocrx_word' id='word_1_965' title='bbox 874 5770 1036 5834; x_wconf 75' lang='lat' dir='ltr'><strong>plicis</strong></span> <span class='ocrx_word' id='word_1_966' title='bbox 1073 5772 1492 5835; x_wconf 80' lang='lat' dir='ltr'><strong>Agamemnonis</strong></span> <span class='ocrx_word' id='word_1_967' title='bbox 1539 5773 1701 5839; x_wconf 87' lang='lat' dir='ltr'><strong>pedes</strong></span> <span class='ocrx_word' id='word_1_968' title='bbox 1747 5775 1896 5825; x_wconf 83' lang='lat' dir='ltr'><strong>velut</strong></span> <span class='ocrx_word' id='word_1_969' title='bbox 1940 5778 2068 5840; x_wconf 87' lang='lat' dir='ltr'><strong>iugo</strong></span> <span class='ocrx_word' id='word_1_970' title='bbox 2121 5779 2309 5844; x_wconf 85' lang='grc' dir='ltr'>τοῦδε,</span> <span class='ocrx_word' id='word_1_971' title='bbox 2365 5785 2424 5827; x_wconf 90' lang='lat' dir='ltr'><strong>ut</strong></span> <span class='ocrx_word' id='word_1_972' title='bbox 2471 5777 2719 5828; x_wconf 83' lang='lat' dir='ltr'><strong>versibus</strong></span> <span class='ocrx_word' id='word_1_973' title='bbox 2765 5780 3023 5843; x_wconf 79' lang='lat' dir='ltr'><strong>proximis</strong></span> <span class='ocrx_word' id='word_1_974' title='bbox 3069 5780 3263 5832; x_wconf 88' lang='lat' dir='ltr'><strong>iterum</strong></span> <span class='ocrx_word' id='word_1_975' title='bbox 3308 5784 3430 5840; x_wconf 77' lang='grc' dir='ltr'>ταῖς</span> <span class='ocrx_word' id='word_1_976' title='bbox 3474 5782 3641 5832; x_wconf 84' lang='grc' dir='ltr'>τοῦδε</span> 
     </span>
    </p>
   </div>
  </div>
 </body>
</html>
