4300 6317
850 1308 1294 1394 PRAEFATIO.
1345 1436 1351 1444 ¹

339 1698 444 1752 Lexrci
468 1700 499 1753 in
522 1702 631 1769 septem
660 1717 733 1768 quae
759 1703 909 1769 supersunt
932 1698 1245 1788 AeschylilMcdiceunr
1277 1701 1448 1766 exstiterint,
1478 1702 1613 1771 repet'tas
1641 1719 1698 1757 essc
1729 1702 1842 1757 eredere

290 1784 405 1839 falsilas
429 1784 571 1839 condendi
595 1785 717 1839 materia
739 1802 793 1838 uno
816 1785 851 1839 ad
874 1787 969 1839 nostra
992 1787 1172 1899 tem-{quam
1190 1786 1349 1839 recentibus
1371 1786 1494 1841 tribuero
1518 1786 1720 1840 correctoribus
1737 1787 1842 1841 malue-

291 1885 363 1939 pora
382 1871 546 1939 propagata
564 1872 607 1923 est
619 1870 716 1923 codice
729 1869 904 1935 Florentino,
922 1869 989 1923 olinr
1001 1868 1060 1923 Me·
1087 1871 1165 1924 runt:
1183 1887 1255 1938 quae
1269 1871 1410 1925 sententia
1423 1871 1583 1939 planissime
1596 1872 1763 1926 convellitur
1775 1872 1842 1926 alio-

290 1954 389 2019 dieeo,
408 1972 487 2009 nunc
505 1953 696 2009 Laurentiano
708 1954 797 2023 plutei
815 1954 932 2020 XXXII,
950 1961 975 2016 9,
995 1954 1060 2008 scri·
1087 1973 1148 2009 rum
1166 1973 1221 2009 non
1235 1973 1389 2025 pancorum
1407 1957 1437 2011 et
1449 1955 1619 2011 Graecorum
1639 1958 1668 2011 et
1680 1956 1842 2010 Latinorum

292 2042 344 2109 pto
366 2040 397 2093 in
429 2040 602 2094 membranis
631 2039 725 2094 seculo
756 2040 904 2094 undecimo
930 2040 1003 2094 foliis
1028 2041 1223 2116 Stlexemplis
1241 2036 1421 2109 scriptorum,
1441 2058 1558 2109 qnorum
1572 2042 1776 2111 operapariter
1794 2042 1842 2095 uni

295 2126 405 2178 formae
429 2127 549 2193 quartae
572 2125 699 2190 maioris,
728 2141 812 2193 quem
835 2126 992 2179 accuratius
1014 2124 1197 2179 detentum
1219 2126 1354 2179 debemus
1377 2125 1465 2180 codici
1493 2127 1607 2195 antiquo
1635 2126 1725 2180 adhue
1748 2145 1863 2196 super-¹

295 2209 395 2279 scripsi
422 2211 454 2263 irr
480 2209 707 2264 Praefationibus
738 2209 869 2264 editionis
896 2208 1061 2264 Oxoniensis
1087 2211 1154 2276 stiti,
1175 2228 1208 2264 ex
1227 2227 1283 2280 quo
1303 2210 1397 2264 omnia
1414 2211 1591 2279 quaeadhuo
1608 2211 1772 2281 investigari
1794 2229 1842 2281 po-

296 2294 452 2348 rolnminis
469 2295 554 2363 primi
572 2311 606 2348 ac
624 2295 702 2347 tertii
720 2296 750 2348 ct
766 2294 897 2348 editionis
910 2293 1061 2363 Lipsiensis
1087 2297 1202 2349 tuerunt
1229 2296 1401 2365 exemplaria
1428 2296 1584 2351 recentiora
1615 2297 1680 2349 sunt
1706 2297 1842 2363 derivata,

296 2380 415 2448 quintae
447 2383 483 2446 (a.
512 2381 606 2443 1865),
639 2379 735 2433 aluno
767 2379 851 2456 etiam
878 2379 907 2432 in
937 2378 1060 2433 editione
1086 2381 1165 2433 textu
1189 2397 1272 2449 saepo
1291 2381 1337 2434 vel
1360 2381 1509 2435 enrcmlato
1533 2380 1579 2434 rel
1598 2381 1775 2450 interpolat.
1810 2381 1842 2435 ln

297 2463 453 2519 Oxoniensi
476 2464 634 2534 scripturae
657 2464 808 2533 specimine
832 2480 866 2518 cx
890 2463 1060 2533 Choephoris
1086 2481 1142 2533 quo
1159 2482 1263 2533 genere
1286 2466 1394 2535 insigne
1417 2467 1461 2519 est
1477 2465 1616 2520 Athenaei
1639 2465 1842 2535 Dcipnosophi·

296 2553 471 2616 [373-4ltl:
490 2549 578 2604 totius
596 2548 712 2615 coelicis,
736 2548 852 2603 exclusis
871 2550 965 2604 tamen
983 2548 1060 2603 scho·
1086 2551 1191 2603 starum
1210 2551 1383 2619 exemplum,
1407 2551 1485 2604 onius
1512 2551 1603 2621 operis
1626 2552 1675 2619 qui
1692 2552 1843 2620 supersunt

296 2636 356 2698 liis,
388 2635 550 2689 sabnlrrrnm
581 2636 731 2689 ὑποθέσεσι
765 2637 795 2688 et
824 2634 891 2688 Vita
918 2634 1059 2702 Aeschyli,
1086 2621 1201 2689 codices=
1213 2636 1383 2690 recent-iores
1396 2652 1491 2690 omnes
1509 2653 1543 2689 cx
1555 2636 1665 2690 Veneto
1686 2636 1772 2690 seculi
1793 2654 1841 2690 un-

296 2720 442 2790 quandam
459 2719 540 2788 quasi
562 2719 716 2789 imaginem
735 2719 902 2773 Academiae
922 2718 1058 2773 Oxonien·
1087 2719 1187 2774 decimi
1218 2737 1276 2774 esso
1303 2720 1445 2774 derivatos
1471 2722 1529 2774 tanr
1558 2722 1641 2775 certis
1667 2721 1842 2790 cognoscitur

296 2807 332 2859 sis
363 2805 529 2859 liberalitati
560 2805 591 2859 et
613 2803 756 2873 Rurlolphi
786 2803 914 2858 Merkclii
942 2803 1059 2873 diligen·
1086 2801 1195 2858 indiciis
1218 2808 1250 2859 ut
1271 2804 1306 2859 ab
1335 2806 1445 2858 nemine
1470 2805 1498 2858 in
1521 2805 1725 2860 dubitationem
1749 2808 1842 2860 vocari

296 2891 353 2945 tiae
377 2891 528 2955 debemus,
550 2889 599 2958 qui
628 2891 748 2955 textum,
777 2890 914 2958 quatenus
941 2904 1059 2943 amanu
1085 2889 1185 2958 possit:
1205 2890 1239 2944 de
1258 2907 1314 2959 quo
1332 2889 1391 2943 (lixi
1408 2889 1437 2943 in
1454 2889 1690 2944 commentatione
1709 2890 1842 2944 chthe·

297 2977 388 3045 prima
407 2975 528 3044 scriptus
550 2977 601 3040 est,
625 2974 662 3028 acl
678 2974 780 3028 codicis
800 2974 884 3027 fidem
899 2991 1059 3043 expressum
1071 3005 1074 3046 2
1086 2975 1149 3028 naci
1167 2974 1263 3029 codice
1282 2974 1401 3039 Veneto,
1421 2975 1526 3029 inserta
1541 2974 1682 3028 Lcrrtschii
1695 2974 1842 3046 Philologo

296 3061 398 3116 Oxorrii
419 3060 510 3115 edidit
527 3078 552 3114 a.
574 3066 647 3114 1871.
1071 3053 1139 3121 frol.
1153 3067 1185 3114 30
1194 3078 1222 3128 p.
1235 3066 1360 3124 73-115,
1379 3062 1407 3113 in
1427 3076 1483 3128 qua
1495 3060 1603 3113 ostendi
1617 3059 1841 3130 apographorum

345 3146 386 3200 Ex
415 3147 468 3200 hoc
495 3146 592 3201 codiee
621 3145 749 3199 derivata
774 3149 840 3200 sunt
865 3146 959 3200 omnia
986 3128 1131 3224 quaetvel
1149 3145 1335 3199 correctiones
1354 3147 1398 3199 rel
1422 3145 1652 3214 interpolationes
1670 3145 1752 3213 plane
1771 3145 1841 3198 cius-

295 3232 386 3286 adhuc
405 3232 592 3286 innotuerunt
614 3232 800 3300 posteriorum
818 3231 974 3285 seculorum
994 3230 1149 3300 apo-,dem
1173 3246 1231 3283 csse
1255 3232 1365 3298 generis
1388 3248 1452 3284 cunr
1473 3230 1647 3297 Aeschyleis,
1678 3230 1728 3283 etsi
1750 3231 1841 3283 minus

295 3318 416 3387 grapha,
440 3317 517 3385 quod
545 3316 629 3385 primi
653 3316 913 3369 animadverterunt
935 3316 968 3370 G.
991 3316 1059 3370 Bur·
1084 3331 1258 3380 numerosas,
1286 3315 1353 3383 quia
1377 3316 1516 3369 Athenaei
1543 3331 1611 3383 opus
1638 3315 1726 3367 multo
1754 3314 1841 3369 rarius

296 3401 389 3471 gesius
407 3405 436 3455 et
454 3400 488 3455 G.
508 3400 644 3455 Cebetas:
672 3401 707 3454 dc
730 3418 785 3470 quo
808 3401 865 3454 dixi
890 3391 1256 3472 commenta-{descriptum
1283 3402 1312 3453 ct
1341 3400 1446 3453 lectum
1477 3399 1531 3452 fuit
1556 3414 1640 3467 quam
1670 3400 1839 3468 tragicorum

294 3486 420 3539 tionibus
444 3486 539 3539 tribus
568 3486 596 3538 in
627 3484 768 3539 heutschii
795 3484 943 3554 Plrilologo
977 3486 1059 3540 editis
1085 3484 1196 3538 fabulae
1214 3486 1349 3554 tantaque
1367 3485 1422 3538 snit
1438 3483 1641 3553 exemplarium
1659 3484 1789 3552 penuria,
1808 3487 1841 3538 nt

294 3570 348 3624 rol
365 3578 405 3636 18,
418 3578 450 3625 re
465 3572 496 3624 ct
515 3576 544 3623 ‘21
560 3572 588 3624 et
600 3571 630 3623 in
648 3569 824 3627 Praei-atione
848 3570 978 3624 editionis
995 3570 1057 3640 Lip-
1083 3585 1118 3623 ne
1141 3569 1286 3623 lhrstathio
1309 3570 1437 3637 quidem,
1464 3586 1550 3638 qrurnr
1577 3569 1790 3623 commentarios
1811 3569 1839 3622 in

294 3658 392 3710 aiensis
405 3656 537 3725 quintae,
556 3655 751 3723 rationemque
770 3672 826 3724 qua
844 3656 912 3710 haec
930 3656 1057 3724 quaestio
1083 3655 1235 3709 Homerum
1245 3654 1338 3709 seculo
1350 3654 1517 3709 duodecimo
1529 3656 1718 3724 componeret,
1738 3655 1839 3724 integri

294 3742 333 3795 iar
351 3741 390 3795 sit
408 3740 558 3795 tractanda
582 3743 614 3794 ut
632 3740 702 3793 nulli
720 3741 797 3795 locus
815 3740 990 3809 relinquatur
1008 3740 1057 3794 du·
1068 3720 1071 3791 t
1082 3740 1175 3810 operis
1193 3740 1274 3810 copia
1291 3741 1376 3805 esset,
1400 3740 1449 3793 sed
1468 3740 1590 3808 epitome
1614 3756 1647 3793 er
1671 3739 1766 3793 codice
1785 3739 1838 3793 Vc-

294 3827 425 3881 bitationi
443 3825 609 3880 Promethei
632 3825 745 3879 tabulae
770 3825 899 3894 ercnrplo
923 3825 1004 3879 docui
1028 3827 1056 3879 in
1068 3860 1070 3893 3
1082 3827 1148 3879 neto
1166 3826 1241 3879 sarem
1258 3826 1406 3880 contentus
1429 3841 1489 3879 csse
1508 3824 1637 3889 deberet,
1658 3825 1838 3892 quemadmo-

293 3910 475 3965 Praefatione
488 3911 622 3965 editionis
635 3910 817 3964 Londinensis
829 3928 854 3964 a.
868 3915 941 3976 1866,
955 3928 988 3964 ex
1001 3928 1058 3980 qua
1068 3894 1070 3911 ¹
1082 3912 1149 3965 dum
1167 3913 1197 3964 ct
1215 3910 1273 3979 ipse
1292 3912 1322 3964 et
1339 3910 1387 3963 alii
1405 3927 1501 3964 ornnes
1519 3909 1645 3964 eiusdem
1662 3910 1719 3962 fere
1738 3910 1838 3964 aetatis

293 3996 472 4065 intelligetur
480 3995 627 4066 graviores
645 3998 674 4049 et
687 3996 892 4061 reconditiores,
910 4013 983 4064 quac
995 3995 1056 4065 plu·
1081 3995 1257 4066 grammatici
1279 3995 1414 4063 Aeschyli
1438 3995 1503 4049 solis
1522 3996 1563 4047 usi
1585 3996 1650 4048 sunt
1673 3994 1837 4063 exemplari-

293 4082 382 4135 rimae
409 4083 488 4146 sunt,
519 4080 624 4135 codicis
653 4080 798 4149 archetypi
828 4080 1001 4149 corruptelas
1027 4081 1055 4134 irr
1082 4082 1133 4133 bus
1151 4097 1185 4134 ex
1204 4079 1299 4134 codice
1317 4078 1443 4133 Mcdioco
1463 4079 1604 4134 derivatis.
1633 4078 1692 4132 Hoc
1711 4078 1798 4147 igitur
1814 4080 1837 4133 si

293 4166 467 4236 apographis
490 4165 535 4220 vel
559 4165 679 4219 intactas
701 4182 760 4219 esse
788 4164 899 4219 relictas
923 4165 968 4218 vel
990 4165 1244 4244 scri-,conceditur
1261 4163 1296 4218 dc
1315 4164 1474 4231 Athenaeo,
1497 4164 1576 4219 nulla
1594 4164 1746 4233 excogitari
1766 4164 1836 4218 ratio

293 4253 407 4319 pturam
426 4250 545 4305 ulterius
564 4250 759 4319 depravatam,
779 4249 1174 4320 leviorarerovitia,'potest
1200 4267 1249 4304 cur
1275 4252 1395 4319 negetur
1421 4249 1456 4303 de
1483 4249 1622 4317 Aeschylo
1652 4249 1834 4318 aliorumque,

293 4354 415 4405 qnorum
435 4335 597 4390 emendatio
615 4337 728 4405 captum
741 4335 987 4404 grammaticorum
1000 4336 1052 4403 By·
1067 4325 1198 4403 'quorum
1226 4334 1325 4388 eadem
1354 4336 1397 4387 cst
1418 4334 1558 4400 condicio,
1582 4334 1747 4404 scriptorum
1771 4351 1835 4404 ope·

294 4423 473 4476 zantinorum
496 4437 551 4475 non
575 4420 735 4485 excederet,
763 4420 867 4489 partim
895 4423 970 4475 recto
994 4437 1053 4475 csse
1066 4421 1162 4502 'ribus

292 4507 439 4569 correcta,
474 4506 550 4574 quod
580 4522 663 4574 saepe
692 4505 798 4559 factrrm
828 4501 857 4558 in
875 4504 1068 4571 Prometheo,¹
1130 4505 1257 4575 Apparet
1278 4523 1312 4562 cs
1334 4504 1377 4558 his
1404 4506 1439 4558 ad
1458 4504 1588 4573 Aeschyli
1612 4505 1720 4559 fabulas
1741 4523 1834 4560 emen·

292 4592 410 4661 Septem
435 4590 472 4645 ad
495 4590 605 4645 Thebas
632 4593 661 4644 et
684 4590 788 4656 Persis,
815 4606 866 4659 per
892 4590 1054 4659 apographa
1080 4590 1199 4656 dandas,
1223 4591 1246 4643 si
1269 4590 1431 4644 ablavium
1460 4589 1591 4643 vitiomm
1615 4590 1644 4642 in
1666 4590 1834 4660 apographis

293 4676 420 4746 plurima
437 4675 614 4745 propagatis,
638 4676 726 4730 rarius
747 4675 777 4729 in
795 4674 1006 4745 Aganrernnone
1025 4678 1054 4729 et
1066 4686 1068 4747 j
1080 4675 1297 4730 correctionibus
1320 4674 1488 4741 discesseris,
1511 4673 1582 4728 nihil
1607 4674 1641 4728 ab
1659 4674 1736 4729 libris
1754 4691 1833 4744 para

293 4760 510 4826 Eumenidibus,
534 4761 671 4815 rarissime
694 4762 723 4814 irr
742 4760 913 4829 Chocphoris
937 4762 966 4814 ct
983 4759 1052 4830 Sap·
1066 4758 1139 4815 ‘turn
1162 4777 1220 4815 csse
1243 4759 1376 4830 praesidii
1398 4762 1511 4829 praeter
1532 4759 1657 4812 codicem
1675 4758 1833 4814 Mediceum

292 4846 428 4915 plicibus,
452 4845 553 4900 fabulis
571 4862 634 4900 raro
656 4846 747 4912 lectis,
772 4862 890 4914 quarum
912 4851 1067 4915 perpauca*
1079 4847 1154 4900 omni
1172 4846 1304 4900 vitiorum
1323 4862 1427 4917 genere
1445 4845 1579 4910 obsitum,
1603 4861 1720 4913 quorum
1739 4862 1832 4900 emen-

290 4932 446 5000 supersunt
463 4931 627 5000 apographa
643 4948 661 4985 a
683 4932 778 4986 codice
796 4930 924 4986 Mediceo
950 4930 1156 4985 leviterdatio
1179 4932 1214 4986 ab
1238 4932 1323 4985 trium
1346 4920 1521 5001 eriperiomm
1543 4929 1700 4984 seculorum
1730 4931 1833 4986 criticis

291 5018 404 5072 tanturn
423 5015 619 5085 discrepantia
643 5015 724 5070 Vana
740 5016 827 5086 igitur
839 5018 882 5071 est
898 5032 970 5085 quae
984 5015 1051 5070 olim
1062 4984 1066 5124 J
1078 5017 1216 5082 inchoata,
1235 5017 1308 5072 inter
1328 5033 1397 5086 quos
1418 5017 1492 5071 clara
1509 5016 1574 5068 sunt
1591 5013 1736 5083 Sophiani,
1755 5004 1832 5071 cuius

290 5102 420 5156 omnium
439 5102 505 5166 fuit,
529 5100 626 5167 hodie,
649 5104 681 5156 ut
703 5102 814 5171 opinor,
836 5118 990 5171 paucorum
1008 5103 1052 5156 est
1077 5100 1831 5172 opcraRobortellusnsusest,Aurati,Cantcri,Tumcbi,

290 5188 402 5258 opinio,
428 5186 478 5256 qui
504 5186 582 5241 leves
612 5187 769 5242 istiusmodi
799 5188 986 5243 correctiones
1016 5206 1050 5242 ex
1076 5187 1195 5243 Stanleii
1212 5188 1338 5255 nomina,
1358 5189 1450 5243 nostro
1468 5186 1581 5241 demum
1599 5186 1705 5253 seculo,
1729 5202 1831 5241 sermo·

289 5272 459 5329 aliisnescio
469 5272 571 5342 quibus
580 5271 723 5329 codicibus
735 5273 866 5344 antiquis,
877 5273 925 5343 qui
937 5275 1050 5344 praeter
1075 5274 1119 5328 nis
1141 5274 1242 5344 tragici
1264 5274 1374 5344 legibus
1401 5271 1531 5327 subtilius
1554 5272 1718 5343 exploratis,
1746 5272 1829 5343 insig-
