4300 6317
614 1102 636 1144 1
688 1113 740 1160 p.
788 1096 885 1158 44)
938 1099 1267 1147 coniectura.
1347 1101 1501 1149 Eum.
1556 1101 1650 1149 531
1707 1097 2016 1163 ξύμμετρον
2068 1097 2119 1149 δ’

610 1163 743 1223 ἔπος
800 1163 965 1226 λέγω.
1015 1163 1036 1227 ΙΙ
1084 1168 1577 1229 contemporaneus.
1657 1164 1758 1215 Ch.
1803 1169 1897 1216 611
1946 1166 2117 1217 δαλὸν

609 1232 788 1292 ἥλικα,
832 1258 883 1266 -
928 1231 1248 1296 σύμμετρόν
1284 1248 1345 1284 τε
1377 1233 1482 1284 διαὶ
1510 1233 1646 1296 βίου.

676 1298 1012 1361 συμμῖγής
1048 1300 1396 1357 conmn'xtns,
1435 1300 1781 1361 coniunctus,
1817 1298 2114 1352 cohaerens.

611 1367 769 1484 Sept⁰1
795 1369 894 1417 740
929 1367 1094 1418 πόνοι
1131 1368 1323 1431 δόμων
1361 1368 1477 1421 νέοι
1513 1370 1795 1422 παλαιοῖσι
1834 1372 2118 1432 συμμιγεῖς

612 1448 748 1484 κακο
774 1447 814 1494 ς.

678 1500 1099 1563 συμμίγνυμι
1136 1501 1458 1556 com-misceo.
1527 1504 1625 1568 Ag.
1662 1507 1760 1555 648
1795 1507 1919 1564 πῶς
1955 1504 2120 1555 κεδνὰ

611 1573 727 1628 τοῖς
765 1572 980 1620 κακοῖσι
1018 1568 1298 1631 συμμίξως
1355 1574 1501 1635 Sept.
1537 1573 1633 1621 611
1682 1570 1952 1623 ἀνοσίοισι
1988 1584 2118 1634 συμ-

612 1637 785 1698 μιγεὶς
824 1636 1294 1698 θρασυστόμοισιν
1330 1636 1573 1702 ἀνδράσι.

579 1753 586 1764 ,
682 1704 1283 1767 συμπαραστατέω
1322 1704 1535 1767 assisto,
1570 1703 1799 1758 adiutor
1822 1705 1995 1758 adsta.
2032 1709 2117 1757 Pr.

553 1827 558 1833 ¹
614 1771 712 1821 218
752 1771 938 1820 ἑκόνθ’
973 1771 1158 1822 ἑκόντι
1195 1771 1334 1836 Ζηνί
1372 1778 1886 1838 συμπαραστατεῖν.

649 1837 858 1955 ‚ugus
880 1853 952 1899 ας
1004 1843 1246 1891 cunctus.
1335 1839 1424 1892 Fr.
1477 1844 1593 1903 281,
1635 1845 1668 1892 3
1720 1840 2011 1904 ξύμπαντά
2063 1841 2124 1892 τ’

617 1920 707 1956 ειπ
766 1921 812 1954 ν.

684 1986 714 2023 ο
732 1972 1005 2035 υμπέμπ
1022 1988 1067 2024 ω
1093 1972 1258 2025 simul
1275 1973 1450 2038 mitto,
1474 1973 1715 2027 comitem
1732 1975 1903 2032 mitto.
1941 1976 2123 2042 Suppl.

617 2043 713 2090 493
769 2039 1014 2101 ὀπάονας
1067 2041 1128 2092 δὲ
1176 2041 1497 2107 φράστοράς
1550 2043 1611 2093 τ’
1657 2042 1948 2108 ἐγχωρίων
1996 2044 2124 2108 ξύμ·

620 2123 862 2170 πεμψον.

623 2196 640 2227 ι
685 2176 1042 2236 συμπενθέ
1054 2190 1100 2226 ω
1136 2175 1403 2231 condoleo.
1473 2177 1568 2227 Ch.
1598 2181 1693 2229 199
1729 2177 1846 2242 εἶχε
1882 2192 2123 2242 συμπεν-

621 2243 740 2293 θεῖν
767 2243 886 2304 ἐμοὶ
913 2241 1130 2306 ἄγαλμα
1164 2245 1375 2307 τύμβου
1400 2246 1565 2296 τοῦδε
1591 2247 1681 2296 καὶ
1706 2247 1874 2309 τιμὴν
1898 2246 2124 2311 πατρός.

688 2309 1050 2373 συμπίπτω
1088 2310 1290 2363 accido.
1362 2313 1514 2364 Eum.
1539 2318 1639 2364 336
1673 2318 1855 2364 τοῖσιν
1895 2314 2124 2379 αὐτουρ-

621 2375 731 2436 γίαι
791 2379 1150 2440 ξυμπέσωσιν
1210 2378 1444 2442 μάταιαι.
1539 2381 1630 2430 Sic
1687 2383 1970 2432 Turnebus
2029 2398 2126 2447 pro

624 2445 843 2560 {Wl‘w
889 2458 1059 2508 ωσιν,
1106 2447 1247 2512 quod
1291 2456 1376 2498 est
1413 2451 1469 2497 in
1516 2447 1569 2498 M
1615 2450 1672 2498 in
1718 2449 1823 2499 duo
1859 2450 2126 2500 vocabula

625 2531 636 2558 ι
663 2530 876 2566 [visum.

690 2578 1051 2642 συμπίτνω
1097 2579 1338 2633 collidor.
1407 2583 1494 2632 Pr.
1530 2587 1629 2634 432
1666 2585 1768 2648 βοᾷ
1802 2582 1864 2635 δὲ
1899 2584 2127 2644 πόντιος

625 2646 846 2697 κλύδων
891 2646 1214 2710 ξυμπίτνων
1261 2650 1608 2713 (ξυμπίτνων
1655 2652 1855 2715 duplici
1905 2659 2127 2701 accentu

622 2711 725 2778 Μ),
763 2713 948 2765 στένει
985 2715 1162 2776 βυθός.
1189 2716 1209 2781 ΙΙ
1233 2715 1399 2768 simul
1433 2716 1645 2778 incide,
1687 2731 1960 2772 concurro,
2031 2718 2126 2768 Ch.

625 2784 723 2831 299
759 2783 959 2862 πολλοὶ
996 2783 1101 2846 γάρ
1138 2782 1214 2844 είς
1251 2782 1312 2835 ἓν
1346 2785 1751 2848 συμπίτνουσιν
1786 2784 1984 2849 ἵμεροι,
2032 2788 2125 2837 ubi

625 2861 1031 2929 συμπιτνουσιν
1077 2868 1153 2916 pr.
1205 2854 1283 2914 M,
1333 2855 1400 2903 ub
1448 2854 1556 2903 alia
1599 2869 1757 2904 manu
1798 2855 2028 2918 antiqua
2073 2855 2126 2903 iu

625 2929 1035 2978 συμπιπτουσιν
1072 2925 1359 2970 mutatum.

694 2984 1173 3046 συμπλουτίζω
1208 2985 1375 3038 simul
1400 2985 1530 3042 dito.
1587 2991 1662 3039 Ιιιι
1687 2991 1881 3053 ›topi-ie
1911 2992 2006 3051 Ag.
2029 2989 2128 3039 586

627 3066 718 3114 per
755 3056 943 3101 tmesin
987 3054 1176 3114 δόμοις
1222 3054 1283 3104 δὲ
1315 3057 1494 3105 ταῦτα
1540 3057 1630 3105 καί
1718 3057 2129 3120 λυταιμνὴστρᾳ

627 3118 815 3180 μέλειν
858 3117 1003 3181 εἰκὸς
1050 3121 1310 3183 μάλιστα,
1365 3122 1471 3173 σὺν
1523 3122 1584 3174 δὲ
1638 3121 1951 3175 πλουτίζειν
2010 3122 2126 3185 ἐμέ.

629 3188 768 3250 quod
807 3187 1103 3238 Tricliuius
1147 3205 1265 3253 exp.
1302 3189 1480 3252 ἤγουν
1516 3189 1864 3252 μεταδιδόναι
1901 3205 1989 3252 μοι
2024 3193 2128 3240 τοῦ

634 3252 917 3315 τοιούτου,
964 3256 1087 3316 ἦτοι
1123 3258 1222 3318 τῆς
1258 3258 1445 3321 χαρᾶς.
1515 3259 1752 3307 Alterum
1785 3257 1946 3309 huius
1981 3258 2126 3308 verbi

627 3322 929 3384 exemplum
974 3329 1055 3373 cst
1099 3323 1241 3388 apud
1286 3324 1820 3388 Pseudo-Chrysost.
1867 3325 2029 3375 Serm.
2064 3327 2128 3376 89

628 3387 732 3440 vol.
779 3391 806 3437 7
859 3405 906 3453 p.
953 3391 1076 3448 519,
1122 3395 1185 3441 35
1241 3392 1329 3442 καὶ
1373 3395 1475 3442 τοῦ
1514 3398 1769 3454 σωτῆρος
1811 3392 1917 3444 τὸν
1956 3392 2129 3443 τόκον

629 3454 942 3517 ἐπλούτησε
981 3457 1069 3507 καὶ
1106 3457 1249 3519 αὐτὴ
1289 3458 1737 3524 συνεπλουτίσθη
1772 3463 1844 3523 τῇ
1881 3458 2076 3524 χάριτι.

697 3524 1019 3582 συμπνέω
1056 3524 1318 3589 conspira
1381 3531 1481 3591 Ag.
1514 3529 1608 3578 186
1642 3525 1892 3590 ἐμπαίοις
1914 3526 2130 3591 τύχαισι

630 3589 952 3652 συμπνέων.

599 3701 604 3705 .
698 3654 1170 3723 [συμπολίτηςι
1239 3659 1384 3724 Sept.
1435 3664 1534 3712 605
1587 3660 1943 3725 ξυμπολίταις
1993 3663 2130 3714 male

629 3739 812 3789 apogr.
849 3727 1106 3776 nonnulla
1145 3743 1237 3791 pro
1275 3729 1374 3778 ξὺν
1408 3726 1703 3797 πολίταις.]

1847 944 2122 1008 συμμιγής
2158 971 2292 981 --
2330 943 2439 997 σὺν

1983 1051 2024 1056 .—.
2121 1050 2323 1056 ———
2346 1050 2365 1056 -
2388 1049 2603 1056 ————-
2650 1050 2707 1056 —-
2772 1048 3293 1056 ——--—-—-—
3338 1050 3367 1054 ,-

2174 1096 2263 1149 καί
2300 1096 2355 1148 σ’
2388 1096 2722 1149 ἐποπτεύων
2757 1097 3037 1161 πρόφρων
3083 1095 3209 1156 θεὸς
3247 1094 3527 1158 φυλάσσοι
3570 1108 3680 1144 και-

2175 1163 2341 1228 ρίοισι
2377 1169 2701 1229 συμφοραῖς.
2784 1168 2935 1216 Eum.
2977 1168 3099 1215 1031
3151 1163 3307 1222 ὅπως
3347 1163 3414 1211 ἀν
3453 1162 3682 1224 εὔφρων

2173 1233 2261 1292 ἥδ·
2297 1231 2481 1295 ὁμιλία
2516 1234 2719 1296 χθονὸς
2762 1233 2832 1283 τὸ
2871 1232 3074 1282 λοιπὸν
3116 1230 3431 1292 εὐάνδροισι
3472 1243 3680 1291 συμφο-

2176 1304 2293 1363 ραῖς
2330 1300 2534 1367 πρέπῃ.
2607 1304 2704 1352 897
2743 1304 2826 1363 τῷ
2865 1298 2969 1362 γὰρ
3006 1298 3228 1359 σέβοντι
3266 1300 3555 1360 συμφοράς
3594 1298 3681 1359 ὁρ·
3779 1308 3783 1312 ·

2176 1367 2452 1429 θώσομεν.
2538 1371 2667 1419 1020
2716 1367 3000 1430 μετοικίαν
3046 1369 3094 1416 δ’
3130 1365 3271 1430 ἐμὴν
3317 1364 3682 1425 εὐσεβοῦντες

2176 1435 2297 1486 οὔτι
2335 1435 2618 1499 μέμψεσθε
2657 1436 2948 1499 συμφοράς
2986 1432 3121 1497 βίου.
3164 1431 3186 1497 Ι
3230 1433 3581 1496 Frequentius
3622 1433 3683 1480 de

2176 1505 2324 1569 t[isti
2361 1508 2556 1553 eventu
2581 1520 2623 1554 s.
2651 1503 2961 1553 calamitate
3002 1502 3224 1552 dicitur.
3277 1501 3361 1551 Pr.
3387 1504 3478 1549 391
3521 1501 3552 1558 ἡ
3595 1500 3683 1560 σή,

2175 1570 2499 1636 Προμηθεῦ,
2538 1570 2802 1635 συμφορὰ
2826 1569 3169 1629 διδάσκαλος.
3222 1571 3319 1617 758
3355 1566 3511 1628 τήνδ’
3540 1564 3682 1616 ἰδοῦ-

2178 1652 2251 1691 σα
2305 1636 2617 1702 συμφοράν.
2698 1641 2796 1689 974
2850 1636 2885 1700 ἠ
2942 1635 3077 1698 κάμέ
3130 1635 3235 1716 γάρ
3289 1649 3340 1683 τι
3395 1636 3683 1696 συμφορᾶς

2178 1707 2283 1770 (sic
2321 1722 2387 1755 ex
2423 1722 2609 1770 apog-r.
2649 1722 2746 1770 pro
2793 1705 3127 1767 συμφοραῖς)
3165 1701 3410 1766 ἐπαιτιᾷς
3462 1703 3624 1765 Sept.·
3655 1706 3683 1749 5

2181 1771 2229 1824 εί
2264 1773 2315 1824 δ’
2351 1771 2493 1835 αὖθ’,
2530 1772 2561 1824 ὃ
2600 1773 2673 1835 μὴ
2710 1771 2952 1834 γένοιτο,
2989 1770 3249 1834 συμφορὰ
3284 1770 3458 1831 τύχοι.
3504 1770 3680 1820 'l’ers.

2179 1845 2275 1892 291
2321 1838 2656 1903 ὑπερβάλλει
2706 1840 2813 1904 γὰρ
2864 1839 2963 1903 ἥδε
3017 1835 3294 1903 συμφορά.
3378 1839 3475 1886 ⁴39
3524 1835 3683 1887 λέξον

2179 1907 2287 1959 τίν’
2322 1906 2392 1958 αὖ
2427 1908 2538 1973 φῂς
2574 1906 2743 1971 τήνδε
2782 1906 3079 1970 συμφορὰν
3114 1907 3338 1969 στρατῷ
3377 1904 3563 1954 ἐλθεῖν
3590 1917 3681 1952 κα-

2185 1978 2319 2027 κῶν.
2395 1979 2522 2026 1030
2558 1975 2777 2026 πέπλον
2803 1975 2852 2025 δ’
2876 1973 3136 2038 ἐπέρρηξ’
3170 1971 3260 2023 ἐπὶ
3300 1975 3561 2036 συμφορᾷ
3592 1984 3679 2021 κα-

2180 2046 2301 2094 κοῦ.
2368 2047 2468 2094 436
2513 2042 2692 2093 τοιάδ’
2736 2042 2825 2092 έπ’
2860 2040 3066 2102 αὐτοὺς
3099 2039 3237 2103 ἦλθε
3275 2039 3537 2102 συμφορά
3583 2036 3683 2089 πά-

2181 2113 2329 2171 θους.
2398 2113 2498 2160 445
2533 2109 2589 2162 οἳ
2615 2109 2715 2171 ’γὼ
2752 2108 2984 2160 τάλαινα
3009 2110 3313 2171 συμφορᾶς·
3340 2109 3526 2169 κακῆς.
3586 2110 3679 2156 471

2181 2178 2401 2230 τοιάνδε
2437 2190 2525 2229 σοι
2569 2177 2712 2241 πρὸς
2746 2180 2817 2240 τῇ
2854 2175 3085 2240 πάροιθε
3132 2175 3430 2239 συμφορὰν
3466 2173 3683 2225 στένειν

2183 2245 2350 2309 πάρα.
2400 2248 2501 2298 846
2536 2244 2773 2307 μάλιστα
2797 2245 2845 2295 δ’
2868 2245 2967 2307 ἥδε
3005 2245 3266 2307 συμφορὰ
3291 2241 3492 2295 δάκνει.
3555 2245 3685 2291 1044

2183 2312 2374 2379 βαρεῖά
2424 2313 2479 2375 γ’
2523 2311 2621 2363 ἅδε
2674 2313 2950 2376 συμφορά.
3030 2315 3133 2376 §.K-
3192 2314 3253 2362 18
3306 2309 3464 2360 οἴκου
3517 2308 3682 2360 τοῦδε

2183 2380 2480 2445 συμφορὰν
2528 2380 2762 2433 στένων.
2832 2383 2931 2431 325
2975 2379 3097 2429 τῶν
3134 2378 3395 2429 ἁλόντων
3434 2376 3522 2426 καὶ
3557 2390 3683 2439 κρα-

2181 2444 3685 2579 ἶῧὲξέἷωέιῖίχὲαἶρίἰῖἶῖςχῖῗὲἓιῗνσέἓῷἒρῖἳὲῗὲἓῖς

2182 2584 2360 2650 φορὰς
2397 2582 2765 2645 Blomfieldus)
2809 2584 3068 2635 καταξιῶ.
3139 2580 3235 2631 Ch.
3276 2584 3335 2629 12
3382 2577 3514 2643 ποίᾳ
3560 2580 3685 2638 ξυμ-

2183 2654 2332 2718 φορᾷ
2366 2650 2751 2714 προσεικάσω;
2798 2654 2856 2702 31
2898 2648 3074 2701 οἴκων
3109 2647 3437 2710 ἀγελάστοις,
3474 2649 3679 2709 ξυμφο-

2184 2719 2308 2783 ραῖς
2351 2718 2786 2783 πεπληγμένων.
2857 2719 2956 2768 718
3009 2714 3462 2779 βουλευσόμεσθα
3513 2713 3684 2776 τῆσδε

2185 2788 2474 2850 συμφορᾶς
2517 2785 2662 2849 πέρι.
2743 2788 2839 2836 931
2888 2784 3179 2844 στένωμεν
3224 2781 3326 2833 οὐν
3371 2782 3460 2831 καὶ
3502 2781 3685 2832 τῶνδε

2184 2853 2479 2918 συμφορὰν
2514 2853 2733 2914 διπλῆν.
2789 2852 2940 2902 Eum.
2966 2855 3064 2903 437
3101 2850 3260 2910 λέξας
3295 2848 3355 2900 δὲ
3380 2849 3570 2914 χώραν
3595 2849 3684 2899 καὶ

2182 2923 2361 3041 γένοςέ
2382 2921 2472 2972 καί
2522 2919 2805 2984 ξυμφορὰς
2849 2918 2951 2980 τὰς
2987 2918 3102 2980 σάς.
3174 2922 3271 2969 599
3309 2919 3565 2982 ξυμφορᾷ
3598 2930 3684 2967 τε-

2184 3004 2331 3052 τυμμ
2365 3002 2475 3049 νος.

2252 3052 2990 3128 concipiunt-conspirans,
3047 3050 3348 3105 unanimis.
3437 3053 3534 3114 Ag.
3594 3054 3687 3101 110

2184 3122 2440 3183 Ἑλλάδος
2489 3121 2641 3184 ἥβας
2676 3121 2961 3186 ξύμφρονε
3005 3121 3183 3182 ταγώ.
3265 3123 3356 3171 Sic
3411 3119 3686 3168 emendavi

2184 3208 2282 3256 pro
2316 3190 2608 3255 ξύμφρονα
2643 3188 2837 3251 ταγάν.
2910 3189 3006 3239 ch.
3041 3191 3140 3241 802
3178 3186 3394 3249 κλύετε,
3434 3187 3684 3250 σύμφρο-

2184 3273 2274 3320 νες
2310 3255 2442 3309 θεοί.

2248 3325 2606 3390 σύμφυτος
2640 3338 2763 3376 cum
2795 3321 2985 3388 aliquo
3017 3324 3200 3374 natus.
3269 3324 3369 3388 Ag.
3409 3325 3502 3371 107
3545 3318 3686 3384 ἀλκᾷ

2184 3392 2473 3458 σύμφυτος
2496 3390 2657 3444 αἰών.
2682 3390 2704 3457 Ι
2728 3393 3003 3458 coynatus.
3059 3393 3154 3441 153
3190 3390 3422 3440 νεικέων
3444 3387 3684 3439 τέκτονα

2185 3460 2498 3525 σύμφυτον.

2260 3529 2384 3582 σύν
2440 3527 2527 3578 vel
2576 3526 2695 3581 ξύν.

2189 3598 2469 3660 utriusque
2507 3597 2711 3646 formae
2747 3609 2846 3644 usu
2870 3599 3161 3658 praecepta
3198 3592 3431 3642 collecta
3469 3597 3592 3641 sunt
3627 3592 3684 3638 in

2188 3663 2464 3714 Thesauro
2498 3665 2608 3712 vol.
2634 3665 2663 3713 7
2702 3678 2752 3727 p.
2780 3663 2908 3713 1165
2936 3663 3081 3718 1166,
3120 3661 3434 3725 quibuscum
3462 3661 3504 3708 si
3541 3657 3682 3707 codi-

2187 3746 2307 3783 cum
2344 3731 2692 3796 quantumvis
2738 3731 2883 3795 inter
2922 3734 3202 3792 utramque
3247 3729 3516 3777 fluctuans
3555 3726 3682 3775 scri·

2776 3525 3262 3577 'Grammaticorum
3319 3531 3561 3574 veterum
3619 3522 3683 3571 de

698 3793 1065 3854 συμπονέω
1121 3792 1386 3850 condoleo,
1460 3797 1546 3847 Pr.
1583 3801 1682 3849 274
1732 3798 2132 3864 συμπονήσατε
2187 3806 2346 3865 ptura
2390 3805 2756 3862 comparetur,
2809 3800 3021 3847 tanturn
3066 3795 3374 3875 intelligere
3425 3793 3682 3854 videmur,
3752 3809 3760 3854 ,-

630 3862 714 3924 τῷ
751 3862 854 3908 νῦν
893 3864 1170 3922 μογοῦντι.

699 3939 732 3977 σ
743 3942 775 3977 υ
789 3942 823 3986 μ
837 3943 876 3977 π
891 3943 921 3989 ρ
934 3930 966 3976 ά
978 3942 1011 3979 σ
1024 3942 1056 3980 σ
1071 3943 1116 3978 ω
1154 3927 1215 3979 in
1239 3928 1479 3982 alicuius
1502 3929 1801 3985 utilitatem
1822 3931 1988 3996 facio.
2042 3935 2130 3989 Pr.

632 3997 730 4044 295
758 3995 982 4055 σήμαιν’
1005 3995 1036 4046 ὅ
1062 4011 1112 4046 τι
1142 3997 1243 4061 χρή
1270 4011 1358 4050 σοι
1383 3999 1786 4064 συμπράσσειν.
1841 4004 1933 4052 Sic
1959 4004 2130 4053 Brun·
2155 4021 2164 4069 ι

633 4061 789 4111 ckius
826 4079 921 4126 pro
959 4064 1350 4128 συμπράττειν.

2188 3867 2400 3917 Atticos
2435 3872 2652 3916 veteres
2688 3863 2786 3916 ξύν
2830 3863 2996 3928 (quod
3031 3865 3087 3913 in
3121 3861 3568 3926 inscriptionibus
3603 3861 3682 3909 in·

2187 3934 2398 3986 terdum
2435 3930 2615 3984 XCYN
2656 3934 2916 3997 scriptum
2940 3930 3045 3993 est)
3079 3931 3262 3995 potius
3295 3930 3495 3978 dixisse
3523 3944 3682 3993 quam
3752 3933 3761 3968 '-

2187 4000 2318 4060 σὺν.
2369 4007 2582 4065 postero
2628 4015 2753 4050 vero
2793 4009 3024 4064 tempore
3068 3999 3209 4047 lianc
3247 4000 3570 4060 scripturam
3607 3997 3684 4045 ita

2190 4072 2245 4120 in
2278 4069 2691 4134 desuetudinem
2717 4067 2927 4117 venisse
2964 4071 3024 4115 ut
3059 4065 3167 4116 iam
3193 4065 3337 4129 apud
3362 4063 3682 4127 Xenophon-

635 4197 646 4207 ,
699 4132 1101 4193 συμπρεπής
1136 4130 1471 4184 conveniem-
1546 4131 1724 4201 [Sept.
1765 4141 1827 4188 13
1875 4139 1932 4187 in
1972 4153 2134 4190 versu
2188 4147 2291 4188 tem
2330 4136 2486 4186 nulla
2529 4137 2648 4186 eius
2691 4134 2938 4198 exempla
2981 4133 3343 4198 reperiantur,
3392 4132 3497 4180 nisi
3542 4130 3683 4195 quod

633 4197 1034 4261 interpolatoris
1072 4198 1226 4263 ὤραν
1267 4201 1452 4264 ἔχονθ’
1491 4201 1729 4255 ἕκαστον
1772 4202 1818 4269 ᾧ
1857 4204 1960 4256 ’στι
2003 4219 2132 4268 συμ-
2186 4221 2293 4255 uno
2328 4204 2611 4269 alteroque
2654 4201 2770 4253 loeo
2818 4203 2876 4251 in
2918 4200 3073 4250 libris
3117 4199 3479 4250 deterioribus
3526 4198 3683 4247 illata

633 4263 884 4329 πρεπές.]
945 4264 1131 4331 Suppl.
1159 4270 1257 4318 458
1281 4268 1457 4330 τύχαν
1480 4273 1762 4331 γυναικῶν
1796 4273 1976 4323 ταῦτα
2000 4286 2132 4334 συμ-
2185 4277 2269 4323 est
2292 4272 2358 4321 ab
2383 4271 2641 4331 librariis,
2670 4267 3107 4334 quemadmodum
3133 4270 3189 4318 in
3214 4267 3494 4327 Herodoti,
3531 4280 3683 4330 quem

631 4335 817 4394 πρεπῆ
864 4331 1038 4384 πέλει.

1108 4335 1293 4385 Verba
1328 4345 1602 4400 corrupta.
1648 4337 1826 4400 τύχαν
1876 4347 2022 4390 recte
2074 4341 2131 4391 in
2189 4340 2546 4391 certissimum
2589 4343 2675 4388 est
2712 4337 2831 4387 sola
2866 4351 3019 4387 usum
3057 4351 3175 4386 esse
3210 4335 3382 4384 forma
3417 4333 3549 4393 σὺν,
3596 4350 3681 4382 co-

631 4398 755 4461 de’
806 4399 876 4476 dy
922 4403 1154 4451 mutavit
1200 4404 1697 4466 Markscheffclius,
1747 4408 2030 4468 γυναικῶν
2077 4409 2133 4458 in
2185 4409 2398 4459 dicibus
2444 4405 2761 4472 quibusdam
2807 4403 3158 4454 deterioribus
3201 4417 3359 4465 saepe
3406 4400 3503 4453 ξύν
3547 4402 3677 4450 scri-

632 4479 845 4527 ϊυναῑκῑ
899 4468 1258 4521 Hermannus.
1331 4471 1556 4522 Weilius
1613 4474 1846 4525 coniecit
1897 4474 2023 4539 τάχ’
2063 4474 2133 4528 ἂν
2188 4482 2339 4541 ptum
2375 4475 2617 4538 idemque
2652 4472 2777 4523 aliis
2813 4472 3173 4537 scriptoribus
3209 4470 3410 4532 multis,
3450 4469 3539 4533 qui
3562 4469 3682 4518 sola

630 4537 912 4594 γυναικῶν
947 4538 1126 4586 ταῦτα
1162 4538 1475 4601 συμπρέποι
1512 4540 1707 4604 στολῇ.

2185 4544 2272 4593 usi
2308 4551 2436 4592 sunt
2469 4544 2644 4592 forma
2677 4539 2802 4603 σύν,
2840 4539 3054 4590 illatum
3091 4545 3200 4589 est:
3238 4538 3300 4587 de
3326 4553 3429 4602 quo
3455 4537 3593 4586 dixit
3622 4538 3681 4586 L.

635 4669 645 4679 ·
700 4600 1023 4666 συμφέρω
1072 4604 1300 4666 confero,
1372 4607 1515 4672 Sept.
1551 4611 1649 4658 510
1694 4608 1756 4657 ‹le
1801 4610 2133 4661 conflicturis
2187 4609 2495 4661 Dindorfius
2536 4610 2594 4659 in
2630 4607 2801 4658 Prsef.
2846 4607 2912 4658 ad
2955 4605 3199 4671 Xenoph.
3245 4606 3418 4654 Anab.
3468 4622 3519 4670 p.
3558 4604 3681 4654 VIII

634 4673 775 4750 mter
822 4685 878 4718 se
923 4668 1246 4723 ξυνοίσετον
1289 4673 1348 4723 δέ
1393 4672 1690 4735 πολεμίους
1742 4673 1831 4728 ἐπ’
1875 4675 2133 4729 ἀσπίδων
2184 4678 2268 4729 ed.
2315 4678 2486 4729 Oxon.
2564 4676 2767 4727 Poetae
2811 4675 3018 4725 scenici
3061 4690 3191 4725 vero
3244 4678 3471 4738 utraque
3513 4673 3684 4722 forms

632 4736 812 4795 θεους.
887 4739 1034 4788 Pers.
1082 4742 1180 4789 528
1225 4738 1366 4802 ὑμᾶς
1409 4739 1469 4791 δέ
1512 4742 1615 4804 χρὴ
1665 4742 1741 4794 ’πί
1784 4744 1974 4797 τοῖσδε
2016 4741 2272 4824 τοῖςξιιεί
2310 4751 2463 4808 sunt,
2511 4749 2572 4794 ut
2606 4758 2794 4794 versus
2833 4742 3051 4808 plurimi
3088 4741 3288 4791 docent
3324 4756 3544 4804 quorum
3581 4754 3682 4787 ms-

631 4803 1041 4866 πεπραγμένοις
1075 4811 1318 4859 πιστοῖσι
1363 4808 1534 4861 πιστὰ
1570 4809 1868 4875 ξυμφέρειν
1909 4812 2132 4874 βουλεύ-

633 4884 794 4929 ματα.
821 4870 840 4935 ΙΙ
866 4871 1125 4926 condono.
1196 4877 1349 4929 Eum.
1384 4878 1483 4927 847
1526 4876 1694 4940 ὀργὰς
1730 4877 1969 4931 ξυνοίσω
2013 4893 2128 4932 σοι·

630 4938 922 5002 γεραιτέρα
955 4940 1060 5005 γὰρ
1109 4940 1176 4992 εἴ.
1246 4942 1422 4996 Schol.
1466 4942 1718 5009 φέρουσα
1752 4945 1850 5007 τὰς
1886 4946 2070 5011 ὀργάς.
2114 4947 2132 5012 ΙΙ

630 5005 903 5070 συμφέρει
938 5007 1219 5072 conducit,
1254 5008 1429 5062 iuvat.
1472 5017 1572 5064 520
1607 5012 1868 5077 ξυμφέρει
1905 5027 2130 5080 σωφρο·

2186 4821 2327 4864 trum
2373 4812 2461 4863 vel
2505 4811 2612 4863 σὺν
2644 4810 2729 4862 vel
2774 4799 2872 4862 ξῦν
2915 4808 3186 4875 postulat,
3232 4810 3339 4858 etsi
3388 4824 3509 4857 rara
3557 4814 3684 4856 sunt

2184 4879 2428 4944 exempla
2464 4895 2603 4944 quae
2639 4877 2739 4930 ξύν
2784 4876 3064 4942 postulent
3108 4875 3236 4938 (tria
3270 4876 3413 4938 apud
3447 4875 3683 4937 Aeschy-
3732 4881 3741 4890 ’

2182 4949 2309 5007 lum,
2349 4949 2434 4997 Pr.
2470 4949 2567 4998 521
2605 4943 2638 4996 ὃ
2674 4942 3048 5008 ξυναμπέχεις.
3120 4942 3269 5007 Sept.
3296 4946 3394 4992 839
3430 4941 3525 4992 ἅδε
3564 4944 3683 4993 ξυν-

2183 5013 2360 5067 αυλία.
2428 5014 2526 5078 Ag.
2556 5011 2919 5082 ,Ι-ᾈᾸφπνὰ
2944 5008 3510 5073 ξὺμβολα),.ρ1ιιτίιιια,
3548 5026 3685 5074 quae

631 5076 751 5124 νεῖν
786 5075 896 5125 ὑπὸ
934 5076 1129 5128 στένει.
1209 5077 1395 5142 Suppl.
1434 5083 1531 5130 752
1575 5080 1760 5142 καλῶς
1800 5079 1855 5142 γ’
1890 5080 1958 5132 ἂν
1999 5079 2290 5144 ὴμῑνίσύν
2314 5083 2608 5148 postulent,
2634 5081 2690 5130 in
2716 5082 2880 5131 trium
2904 5078 3233 5143 trs'gicorum
3252 5077 3473 5127 fabulis.
3511 5079 3685 5138 Quinc·

631 5142 898 5205 ξυμφέροι
935 5147 1128 5195 ταῦτα.
1160 5145 1179 5209 ΙΙ
1204 5147 1554 5210 συμφέρομαι
1588 5160 1686 5198 eon
1724 5145 1923 5214 redior.
1983 5150 2131 5215 Sept.

630 5212 728 5259 636
765 5211 853 5262 σοὶ
890 5212 1289 5275 συμφέρεσθαι.
1316 5212 1336 5278 ΙΙ
1360 5215 1630 5267 convenia.
1683 5161 1868 5280 guppl.
1907 5219 2004 5268 243
2039 5216 2132 5281 μό-

631 5290 731 5326 νον
775 5278 894 5327 τόδ’
930 5279 1119 5341 Ἑλλὰς
1157 5279 1311 5344 χθὼν
1356 5280 1675 5334 συνοίσεται
1720 5284 1937 5348 στόχῳ,
1992 5286 2134 5350 quod

633 5360 727 5407 per
763 5346 1135 5410 συμφωνήσει
1167 5364 1285 5412 exp.
1325 5349 1489 5399 schol.

697 5415 1001 5478 σύμφημι
1038 5415 1291 5466 assentio,
1362 5417 1449 5467 Pr.
1487 5420 1553 5468 40
1593 5417 1864 5481 σύμφημι.

697 5482 1143 5548 σύμφθογγος
1180 5496 1500 5549 consonans,
1525 5484 1815 5536 concinens
1875 5488 1973 5549 Ag.
2004 5489 2130 5538 1187

629 5550 734 5614 τὴν
770 5552 875 5615 γὰρ
912 5552 1117 5614 στέγην
1141 5551 1301 5615 τήνδ’
1325 5552 1524 5602 οὔποτ’
1546 5552 1788 5603 ἐκλείπει
1814 5553 1978 5616 χορὸς
2003 5567 2133 5618 συμ-

2157 5141 2321 5201 ³ritur
2364 5151 2534 5214 igitur
2578 5155 2703 5199 utra
2748 5147 2920 5198 forma
2967 5145 3211 5196 centenis
3267 5144 3390 5194 aliis
3435 5146 3683 5195 versibus

2182 5219 2465 5269 tribuenda
2503 5218 2576 5268 sit
2610 5231 2834 5281 quorum
2870 5219 3095 5264 metrum
3141 5219 3416 5276 utramque
3450 5213 3577 5263 fert:
3628 5214 3683 5262 in

2157 5286 2381 5353 ¹quibus
2418 5290 2577 5336 tanta
2612 5291 2696 5335 est
2732 5284 2975 5334 codicum
3010 5282 3388 5330 inconstantia
3425 5296 3527 5329 nec
3564 5298 3682 5332 raro

2184 5355 2333 5403 inter
2364 5354 2512 5418 ipsos
2549 5352 2817 5404 dissensio
2854 5357 2917 5401 ut
2953 5348 3196 5398 collectis
3219 5347 3479 5413 exemplis
3518 5351 3680 5398 omni·

2186 5422 2286 5472 bus
2321 5420 2457 5471 nihil
2493 5421 2638 5471 aliud
2664 5419 2983 5470 conficiatur
3009 5430 3163 5480 quam
3186 5413 3437 5466 librarios
3461 5423 3681 5479 temere,

2187 5495 2243 5538 et
2284 5489 2553 5538 interdum
2610 5486 2744 5537 adeo
2792 5499 2911 5535 cum
2956 5483 3111 5532 metri
3155 5483 3317 5539 vitio,
3374 5486 3526 5534 modo
3575 5484 3683 5536 σύν

2157 5555 2338 5607 -motlo
2376 5555 2475 5608 ξύν
2510 5555 2814 5618 scripsisse,
2852 5551 2957 5601 nisi
2984 5550 3137 5615 quod,
3177 5555 3236 5599 ut
3262 5550 3568 5604 Ellendtius
3595 5556 3681 5605 ob-

629 5619 877 5681 «ρθογγος
914 5617 1295 5681 (ξύμφθογγος
1329 5621 1671 5681 Triclinius),
1711 5619 1814 5671 οὐκ
1853 5622 2131 5683 εὔφωνος.
2156 5609 2162 5664 !
2187 5625 2444 5680 servavit,
2480 5624 2537 5671 in
2572 5621 2730 5670 initio
2755 5619 2953 5669 senarii
2990 5617 3133 5683 apud
3159 5617 3475 5682 Sophoclem
3516 5624 3571 5672 in
3597 5642 3684 5673 co-

695 5684 1012 5750 συμφορά
1055 5690 1288 5737 eventus.
1359 5688 1440 5736 De
1487 5687 1633 5754 laeto
1680 5697 1876 5738 eventu
1926 5691 2020 5755 Ag.
2068 5693 2134 5740 24
2186 5692 2305 5741 dice
2341 5690 2583 5740 Mediceo
2621 5702 2784 5753 prope
2821 5692 3136 5738 constanter
3172 5686 3272 5736 ξύν
3312 5690 3595 5751 reperitur,
3630 5700 3684 5743 et

627 5756 797 5816 τῆσδε
834 5756 1123 5819 συμφορᾶς
1160 5752 1330 5817 χάριν.
1380 5746 1472 5806 Cb.
1507 5751 1632 5806 soti-t
1670 5754 1794 5805 ἀλλ’
1818 5753 2129 5820 εὐτυχοίης,
2184 5757 2410 5822 simplex
2445 5756 2661 5822 quidem
2695 5755 2797 5804 ξύν
2833 5754 2917 5804 ΕΙ.
2953 5757 3051 5806 273
3087 5756 3186 5805 956
3227 5756 3353 5804 1122
3395 5759 3539 5809 1168.
3594 5761 3683 5814 ’1“ι·,

3182 5840 3286 5899 ‘22¹⁸'
