4300 6317
1732 924 2050 994 περιβάλλω
2089 953 2217 964 -—-—
2256 926 2475 992 Πέρσαι

576 1080 757 1131 τῶνδε
793 1082 899 1130 νῦν
943 1080 1314 1146 ὑπεμνήσθην
1359 1079 1502 1144 πέρι.
1572 1083 1671 1144 Ag.
1706 1085 1805 1133 843
1842 1080 1945 1133 εἴτ’
1981 1078 2083 1131 οὖν

3514 920 3636 984 285

2202 1095 2245 1132 π
2264 1093 2290 1131 ε
2309 1094 2341 1144 ρ
2361 1095 2378 1131 ι
2395 1095 2429 1130 ν
2445 1095 2479 1132 α
2508 1079 2576 1131 ίο
2596 1097 2632 1144 μ
2651 1094 2717 1132 αι
2754 1077 2948 1143 (forma
3002 1077 3201 1138 media)
3238 1074 3636 1128 circumbabit&

577 1149 849 1207 θανόντος
874 1147 986 1199 εἴτε
1011 1149 1101 1199 καὶ
1135 1152 1346 1210 ζῶντος
1381 1148 1507 1212 πέρι
1537 1148 1546 1211 Ι
1578 1148 1742 1211 λέγω.
1817 1153 1943 1200 1359
1978 1150 2082 1199 τού
2137 1146 2319 1214 Suppl.
2362 1151 2485 1199 1021
2524 1146 2580 1199 οἳ
2614 1146 2771 1211 χεῦμ’
2807 1143 3505 1223 Ἐρασίνουοπεριναίονται
3540 1159 3640 1194 πα·
3683 1137 3709 1207 ἰ-

577 1215 826 1276 δρῶντος
862 1216 1093 1267 ἐστικαὶ
1129 1217 1197 1269 τὸ
1236 1218 1528 1280 βουλεῦσαι
1563 1216 1704 1281 πέρι.

577 1283 739 1333 νεσθε
792 1283 975 1334 τῶνδε
1029 1285 1332 1347 σύμβουλοι
1386 1283 1527 1348 πέρι.
1596 1289 1692 1335 551
1729 1283 2083 1348 τερασκόπον

577 1349 637 1400 δὲ
672 1351 857 1403 τῶνδέ
895 1351 947 1402 σ’
981 1350 1239 1417 αἱροῦμαι
1284 1352 1426 1416 πέρι.
1500 1353 1598 1403 718
1635 1352 2085 1414 βουλευσόμεσθα

577 1418 747 1477 τῆσδε
785 1422 1074 1483 συμφορᾶς
1112 1419 1253 1485 πέρι.
1322 1423 1420 1469 780
1456 1418 1607 1481 μέλει
1644 1421 1854 1471 θεοῖσιν
1891 1418 2085 1481 ὧνπερ

578 1485 647 1534 ἂν
684 1485 818 1551 μέλῃ
846 1486 989 1550 πέρι.
1059 1490 1157 1538 850
1193 1488 1270 1548 ώς
1304 1485 1482 1538 αὐτὸν
1517 1486 1711 1537 αὐτῶν
1746 1487 1919 1551 ἄνδρα
1955 1486 2084 1537 πεύ-

1777 1216 1872 1267 Ch.
1898 1219 1963 1266 86
1998 1215 2084 1278 γέ·
2119 1215 2314 1280 ,λαιόν.
2401 1216 2492 1266 Sic
2545 1218 2890 1265 Hei-mannus
2948 1231 3045 1281 pro
3104 1212 3441 1276 περιναίετε,
3500 1212 3641 1276 quod

2139 1290 2311 1334 metro
2347 1300 2456 1334 non
2493 1286 2760 1334 convenit.

2205 1350 2399 1414 πέριξ
2424 1349 2642 1406 circum.
2691 1351 2880 1415 κύκλῳ
2905 1350 3061 1414 πέριξ
3086 1347 3454 1400 circumcirca.
3494 1348 3640 1401 Pers.

2140 1421 2238 1470 368
2276 1418 2446 1479 ἄλλας
2482 1418 2542 1470 δὲ
2580 1419 2787 1482 (naves)
2834 1418 3024 1484 κύκλῳ
3062 1420 3236 1481 νῆσον
3275 1415 3512 1475 Αἴαντος
3549 1414 3642 1465 πέ-

2140 1487 2220 1550 ριξ
2273 1486 2492 1551 (τάξαι).
2561 1489 2659 1537 418
2711 1489 2843 1551 νῆες
2890 1485 2993 1537 οὐκ
3038 1484 3419 1549 ἀφρασμόνως
3454 1483 3640 1546 κύκλῳ

579 1554 770 1603 θεσθαι
806 1553 948 1616 πέρι.
1021 1555 1174 1604 Eum.
1214 1558 1311 1605 617
1348 1553 1646 1605 οὐπώποτ’
1680 1554 1846 1606 εἶπον
1880 1582 1945 1590 -
1982 1552 2084 1604 ούκ
2138 1554 2296 1616 πέριξ
2333 1554 2565 1608 ἔθεινον.

581 1619 795 1683 ἀνδρὸς.
832 1621 899 1672 ού
932 1622 1209 1684 γυναικὸς,
1247 1621 1315 1672 ού
1342 1621 1563 1683 πόλεως
1587 1622 1727 1686 πέρι.
1781 1627 1880 1674 630
1904 1621 2083 1687 ψήφῳ

580 1688 807 1752 διαιρεῖν
851 1690 1015 1740 τοῦδε
1063 1690 1388 1753 πράγματος
1431 1687 1604 1753 ’πέρι.’
1651 1691 1837 1757 Suppl.
1882 1695 1979 1741 369

581 1759 733 1816 στοῑς
768 1756 829 1807 δέ
864 1759 999 1808 πᾶσι
1032 1759 1216 1808 τῶνδε
1253 1755 1528 1819 κοινώσας
1565 1756 1706 1822 πέρι.

648 1827 695 1872 2.
733 1823 867 1874 Cum
906 1825 1092 1874 dativo
1133 1824 1365 1888 circum,
1412 1823 1573 1876 circa.
1633 1827 1730 1892 Ag.
1781 1829 1906 1877 1265
1957 1825 2086 1889 περὶ

581 1888 712 1953 δέρη
739 1892 939 1955 στέφη.
995 1893 1149 1942 Eum.
1177 1896 1275 1944 259
1313 1893 1439 1955 περὶ
1467 1892 1645 1956 βρέτει
1681 1891 1952 1957 πλεχθείς.
1997 1896 2083 1944 Fr.

585 1962 704 2018 179,
741 1964 774 2009 4
809 1960 936 2022 περὶ
971 1960 1021 2010 δ’
1057 1959 1174 2022 ἐμῷ
1199 1960 1341 2025 κάρᾳ
1365 1959 1625 2023 πληγεῖσ’
1649 1960 1995 2026 ἐναυάγησεν
2021 1994 2084 2003 --

2206 1625 2585 1686 περιοργῶς
2608 1618 2956 1684 vehementer,
2979 1618 3347 1685 cupidissime.
3421 1620 3521 1682 Ag.
3547 1620 3645 1667 216

2028 1687 2085 1739 ἀ·
2140 1688 2444 1753 παρθενίου
2481 1689 2532 1741 θ’
2567 1687 2798 1752 αἵματος
2844 1688 2984 1753 ὀργᾷ
3018 1691 3327 1752 περιοργῶς
3363 1685 3646 1747 ἐπιθυμεῖν

2140 1756 2306 1818 θέμις.
2377 1760 2588 1808 Incerta
2623 1758 2784 1808 huius
2820 1756 2929 1806 loci
2973 1759 3242 1821 scriptura
3278 1762 3394 1816 est,
3452 1757 3506 1803 in
3543 1769 3645 1817 quo

2142 1826 2367 1876 offendit
2410 1828 2718 1889 περιοργῶς
2762 1824 2975 1874 illatum
3024 1830 3148 1887 post
3185 1823 3351 1889 ὀργᾷ,
3407 1838 3504 1887 pro
3542 1837 3647 1883 quo

2140 1892 2307 1944 schol.
2391 1894 2654 1943 diversam
2729 1898 2988 1942 memorat
3069 1893 3392 1956 scripturam
3486 1888 3644 1952 αὐδᾷ.

2142 1966 2380 2011 ceterum
2414 1963 2472 2011 in
2508 1961 2562 2010 M
2606 1959 2918 2025 περιόργως
2962 1975 3127 2025 pravo
3173 1968 3431 2019 accentu,
3488 1972 3650 2020 quum

584 2024 857 2090 (ούράνη).
883 2027 903 2092 ΙΙ
921 2041 1075 2091 prae.
1125 2030 1269 2078 Pers.
1294 2029 1393 2078 696
1421 2027 1649 2091 σέβομαι
1674 2028 1724 2078 δ’
1748 2027 1910 2080 ἀντία
1935 2028 2087 2082 λέξαι
2139 2030 2466 2079 adieetivum
2502 2045 2610 2079 non
2645 2027 2938 2104 περίοργος
2962 2029 3066 2103 eit,
3103 2028 3192 2076 sed
3229 2025 3545 2089 περιοργής.

583 2093 747 2143 σέθεν
784 2094 996 2161 ἀρχαίῳ
1033 2095 1160 2158 περὶ
1203 2094 1407 2159 τάρβει.
1483 2097 1744 2147 Similiter
1784 2097 1923 2160 ἀμφὶ
1958 2096 2085 2160 τάρ-

2206 2095 2679 2160 περίπεμπτος
2715 2108 3069 2148 οινοιιπιεινοα
3102 2093 3310 2144 missus.
3384 2093 3650 2156 περίπεμ-

584 2161 661 2221 βει
705 2161 909 2212 dietum
957 2163 1051 2212 Ch.
1091 2158 1222 2214 548.⁸
1274 2165 1488 2213 Incerta
1533 2179 1620 2213 res
1668 2172 1756 2215 est
1792 2166 1855 2214 de
1890 2164 1985 2214 Ch.
2022 2167 2087 2215 35
2140 2178 2253 2215 πτα
2291 2164 2683 2215 adverbialiter
2729 2167 2827 2228 Ag.
2875 2165 2937 2214 87
2973 2157 3127 2223 τ’ίνος
3163 2160 3419 2223 ἀγγελίας
3454 2162 3650 2212 πευθοῑ

581 2228 747 2291 τορὸς
771 2230 875 2292 γὰρ
903 2230 1156 2295 ὀρθόθριξ
1182 2230 1358 2293 φόβος
1383 2231 1487 2295 (sic
1504 2246 1568 2281 ex
1595 2232 1761 2282 schol.
1788 2240 2086 2282 correctum
2141 2229 2500 2295 περίπεμπτα
2537 2233 2816 2292 θυοσκεῖς;

585 2312 679 2359 pro
727 2300 922 2358 φοῖβος
965 2298 1241 2363 ὀρθόθριξ)
1297 2324 1363 2335 -·
1410 2297 1778 2362 ἀωρόνυκτον
1831 2298 2087 2362 ἀμβόαμα

2210 2314 2251 2349 π
2266 2313 2292 2349 ε
2304 2312 2336 2362 ρ
2349 2314 2419 2350 ιπ
2431 2313 2457 2350 ε
2470 2314 2502 2348 τ
2514 2298 2549 2363 ἠ
2562 2313 2589 2360 ς
2622 2297 2822 2350 cadens
2844 2296 3068 2361 circum,
3102 2295 3482 2359 circumfusus.
3552 2294 3650 2359 Ag.

585 2364 826 2427 μυχόθεν
862 2367 1023 2418 ἔλακε
1071 2366 1198 2429 περὶ
1234 2365 1426 2432 φόβῳ,
1461 2365 1852 2428 γυναικείοισιν
1887 2364 1948 2418 έν
1982 2367 2087 2418 δώ·
2143 2369 2242 2417 233
2276 2366 2341 2417 de
2392 2367 2677 2431 iphigenia
2728 2365 2989 2418 πέπλοισι
3024 2368 3327 2430 περιπετῆ,
3385 2364 3524 2430 quod
3560 2379 3653 2428 per

584 2444 748 2491 μασιν
786 2433 951 2496 βαρὺς
986 2431 1221 2484 πίτνων.
1262 2435 1351 2484 ubi
1396 2435 1581 2498 inepte
1622 2436 1822 2487 dictum
1866 2441 1951 2486 est
1984 2434 2087 2501 φό-

586 2500 676 2560 βος
695 2499 858 2551 ἔλακε
887 2502 1014 2565 περί
1043 2500 1203 2565 φόβῳ
1226 2501 1381 2570 (prae
1397 2502 1566 2566 metu)
1587 2519 1686 2553 uec
1709 2505 1877 2553 multo
1897 2504 2089 2554 melius

2143 2434 2701 2499 περιεσκεπασμένην
2736 2434 2998 2498 explicuit
3034 2434 3351 2483 scholiasta.

2209 2517 2251 2553 π
2264 2516 2288 2552 ε
2303 2516 2334 2566 ρ
2348 2517 2363 2551 ι
2375 2500 2488 2553 πίτ
2501 2518 2532 2552 ν
2547 2516 2593 2552 ω
2619 2499 2756 2553 cado
2779 2499 3002 2565 circum,
3022 2499 3452 2562 circumfundor.
3490 2501 3644 2563 Sept.

584 2568 932 2630 quodPortus
952 2571 1184 2618 coniecit
1199 2568 1538 2632 περιφόβως.
1566 2568 1707 2635 [Non
1725 2572 2088 2621 minusincer-
2142 2573 2245 2621 834
2279 2569 2455 2620 κακόν
2491 2583 2559 2633 με
2608 2567 2837 2633 καρδίαν
2871 2585 2928 2620 τι
2970 2567 3280 2633 περιπίτνει
3315 2567 3506 2631 κρύος,
3560 2567 3650 2616 ubi

585 2640 697 2683 tum
722 2636 869 2685 Fere.
895 2639 992 2686 675
1012 2636 1252 2700 περί’τα“ί
1277 2640 1387 2698 σαῑ,
1414 2636 1503 2687 ubi
1522 2635 1816 2702 περίβαλες
1840 2639 2087 2702 conieci]

652 2707 698 2752 3.
741 2702 874 2752 Cum
900 2706 1212 2754 accusativo
1250 2702 1469 2764 circum,
1506 2703 1669 2756 circa.
1740 2708 1826 2757 Pr.
1855 2708 1952 2757 138
1985 2709 2088 2757 τοῦ

584 2770 709 2833 περὶ
762 2770 951 2822 πᾶσαν
1003 2767 1066 2822 θ’
1117 2765 1498 2834 εἱλισσομένου
1549 2772 1736 2837 ’χθόνα
1788 2802 1849 2811 -
1905 2772 2088 2825 Ὠκεα·

585 2840 703 2886 νοῦ.
776 2838 920 2903 Sept.
961 2843 1055 2889 113
1108 2841 1253 2898 κύμα
1298 2839 1425 2902 περὶ
1471 2840 1676 2891 πτόλιν
1714 2868 1773 2876 -
1820 2841 2091 2904 καχλάζει.

587 2908 682 2955 760
716 2904 748 2956 ὃ
785 2907 874 2957 καὶ
919 2906 1044 2969 περὶ
1089 2906 1347 2969 πρύμναν
1391 2906 1616 2968 πόλεως
1651 2908 1922 2973 καχλάζει.
1992 2911 2091 2975 Ag.

2144 2653 2332 2688 manus
2367 2653 2553 2688 recens
2589 2639 2647 2688 in
2679 2637 2736 2685 M
2771 2641 3101 2701 περιπιτνεῖ,
3141 2643 3200 2686 ut
3237 2652 3399 2701 saepe
3435 2638 3652 2686 πιτνεῖν

2145 2722 2240 2771 pro
2277 2702 2496 2757 πίτνειν
2531 2706 2588 2754 in
2625 2705 2897 2755 codicibus
2935 2706 3285 2769 tragicorum.

2212 2773 2708 2838 περιρρήγνυμι
2743 2770 3097 2824 circumcirca
3120 2770 3310 2823 lacero,
3381 2770 3531 2835 Sept.
3555 2772 3652 2820 329

2145 2841 2675 2905 περιρρηγνυμένων
2711 2839 2961 2905 φαρέων.

2213 2907 2626 2973 περίρρυτος
2670 2906 3035 2972 circumfluus.
3114 2909 3265 2961 Eum.
3303 2910 3365 2957 77
3401 2903 3652 2968 περιρρύ-

583 2976 681 3021 452
719 2974 844 3036 περὶ
879 2977 1062 3037 τεῖχος
1088 2973 1261 3038 θήκας
1300 2972 1521 3034 Ἰλιάδος
1557 2977 1657 3037 γᾶς
1694 2976 1962 3042 εὔμορφοι
1999 2994 2090 3029 κα·
2144 2989 2243 3036 τας
2279 2975 2486 3039 πόλεις,
2519 2977 2627 3027 nisi
2648 2976 3012 3039 περιρρύτους
3036 2976 3272 3038 scripsit,
3309 2981 3371 3024 ut
3406 2972 3654 3035 περιρρύ-

583 3040 857 3103 τέχουσιν.
932 3042 1083 3091 Eum.
1125 3043 1219 3091 165
1261 3043 1533 3105 φονολιβῆ
1580 3042 1789 3106 θρόνον
1826 3045 2092 3109 (θρόμβον
2142 3058 2245 3094 του
2281 3043 2480 3106 χθονός
2517 3050 2572 3094 et
2614 3045 2715 3108 τῆς
2766 3043 3100 3107 περιρρύτου
3136 3041 3351 3106 Σκύρου
3390 3042 3525 3090 dixit
3559 3039 3652 3089 So-

586 3108 969 3173 Wakefieldue)
1017 3109 1143 3173 περὶ
1180 3109 1355 3171 πόδα,
1391 3109 1518 3173 περὶ
1553 3108 1711 3174 κάρα.
1781 3113 1871 3162 Fr.
1907 3116 1997 3163 271
2039 3112 2091 3165 ol
2143 3112 2361 3177 phocles
2395 3112 2494 3168 Ph,
2538 3115 2561 3161 1
2599 3119 2653 3161 et
2686 3113 2801 3163 239.

585 3178 711 3241 περὶ
745 3176 961 3237 λίμναν.
1029 3176 1162 3226 Cum
1195 3177 1521 3243 anastrophe
1553 3178 1703 3229 Pers.
1739 3182 1800 3230 61
1839 3178 1935 3240 οὓς
1969 3180 2092 3245 πέρι

2211 3177 2629 3244 περίσεπτος
2688 3176 2850 3230 valde
2915 3176 3226 3229 honoratus.
3315 3177 3469 3226 Eum.
3527 3178 3652 3226 1037

587 3248 738 3296 πᾶσα
790 3244 944 3308 χθὼν
1001 3243 1237 3304 Ἀσιᾱτις
1290 3244 1546 3307 θρέψασα
1595 3246 1759 3312 πόθῳ
1820 3246 2090 3303 στένεται.
2144 3250 2324 3309 τιμαῖς
2359 3247 2451 3298 καὶ
2485 3244 2699 3306 θυσίαις
2742 3244 3070 3310 περίσεπτα.
3143 3246 3234 3295 Sic
3279 3244 3651 3308 Musgravius:

585 3327 601 3377 L·
637 3314 701 3362 In
753 3314 913 3362 tmesi
957 3314 1056 3377 Ag.
1109 3315 1238 3363 1559
1282 3312 1409 3375 περὶ
1463 3315 1609 3376 χεῖρε
1656 3315 1903 3376 βαλοῦσα
1953 3318 1987 3366 i.
2042 3333 2088 3370 e.
2142 3315 2200 3364 in
2235 3314 2292 3363 M
2326 3315 2674 3382 περισέπται,
2712 3314 2985 3378 adscripto
3021 3314 3194 3389 Zia-(i.
3231 3328 3274 3361 e.
3313 3312 3504 3377 ζήτει).

586 3384 731 3445 χεῖρε
777 3380 1171 3442 περιβαλοῦσα.
1242 3379 1315 3429 Et
1361 3382 1763 3445 praepositione
1810 3390 1936 3448 post
1969 3400 2088 3439 ver-

2211 3382 2534 3446 περισσός
2595 3394 3055 3447 supervacaneus,
3107 3378 3347 3431 mutilis.
3423 3381 3511 3429 Pr.
3557 3382 3654 3430 383

586 3450 707 3497 bum
749 3449 927 3512 posita
971 3448 1122 3497 Pers.
1167 3449 1266 3497 872
1312 3446 1547 3513 (πόλεις)
1595 3447 1929 3513 έληλάμεναι
1963 3452 2089 3514 περὶ
2140 3450 2206 3500 de
2231 3450 2414 3500 labore
2448 3450 2628 3500 inutili
2667 3449 2876 3512 μόχθον
2922 3448 3192 3511 περισσόν
3240 3447 3560 3510 κουφόνουν
3603 3445 3656 3495 τ’

587 3515 826 3579 πύργον,
880 3531 974 3579 pro
1028 3514 1489 3580 περιεληλάμεναι
1539 3515 1785 3581 πύργον,
1830 3519 1866 3568 i.
1916 3535 1963 3568 e.
2003 3516 2089 3579 αῖς
2142 3515 2391 3581 εὐηθίαν.
2438 3517 2587 3581 Sept.
2616 3521 2746 3569 1043
2780 3516 2935 3568 αύδῶ
2971 3529 3037 3569 σε
3071 3517 3144 3580 μὴ
3182 3515 3418 3579 περισσὰ
3455 3513 3653 3579 κηρύσ-

587 3583 796 3647 πύργος
841 3582 1258 3646 περιελήλαταιε
1314 3583 1377 3632 de
1422 3599 1527 3649 quo
1581 3599 1743 3650 supra
1779 3587 2010 3636 diximus
2046 3604 2087 3637 s.
2142 3598 2260 3637 σειν
2297 3582 2431 3646 ἐμοί.

588 3668 635 3700 v.
675 3650 893 3701 έλαύνω
931 3666 981 3713 p.
1021 3653 1132 3700 113.
1203 3652 1369 3700 Recte
1402 3652 1572 3715 igitur
1607 3654 1911 3704 Brunckius
1948 3652 2088 3717 πέρι.

654 3716 1040 3781 περιβάλλω
1074 3715 1427 3779 circumiiciO,
1462 3716 1753 3771 circumda.
1822 3723 1966 3775 Pers.
1993 3724 2091 3773 748

589 3787 767 3850 πόρον
805 3784 1196 3848 μετερρύθμιζε
1235 3786 1323 3835 καὶ
1359 3785 1548 3846 πέδαις
1584 3787 1963 3853 σφυρηλάτοις
1996 3804 2092 3842 πε·

2179 3651 2697 3771 ἲπθερὲσσόφριιὲιιν
2731 3649 3169 3771 υαῑᾱεχῗιιᾶεηε.
3239 3651 3329 3748 Ῥικ
3355 3652 3452 3701 328
3478 3650 3511 3713 ἢ
3551 3647 3652 3700 ούκ
3690 3644 3695 3658 “

2146 3735 2178 3771 o
2206 3733 2291 3841 ετ’ῐε
2303 3802 2334 3851 ρ
2348 3721 2579 3840 ιιύρτβέῗςλ
2594 3803 2641 3839 ω
2653 3732 3252 3851 νοοτῖξῗιῖἶνιῗρωέυῐῖ,
3266 3788 3363 3836 700
3397 3787 3455 3834 in
3491 3785 3654 3833 versi-

589 3854 832 3918 ριβαλὼν
875 3852 1090 3913 πολλὴν
1125 3853 1393 3904 κέλευθον
1428 3853 1652 3916 ἤνυσεν.
1724 3857 1823 3920 Ag.
1850 3859 1947 3907 529
1984 3872 2092 3908 τοι·
2145 3857 2245 3907 bus
2282 3857 2482 3919 spuriis
2524 3855 2593 3905 τὸ
2639 3855 2769 3919 μήτ’
2812 3854 3057 3919 ἄναρχον
3102 3854 3243 3920 μήτε
3280 3851 3653 3913 δεσποτούμε-
3686 3857 3699 3918 '.

592 3923 722 3973 όνδε
758 3920 931 3985 Τροίᾳ
968 3919 1290 3983 περιβαλὼν
1324 3921 1669 3985 ζευκτήριον.
1739 3924 1835 3973 Ch.
1873 3928 1970 3977 576
2008 3940 2094 3977 νε·

590 3991 725 4053 κρόν
762 3989 921 4050 θήσω
960 3987 1207 4038 ποδώκει
1241 3988 1560 4051 περιβαλὼν
1585 3990 1938 4054 χαλκεύματι.
1993 3993 2095 4056 Ag.

591 4061 719 4108 1559
745 4058 800 4105 in
828 4057 986 4105 tmesi
1012 4055 1139 4118 περὶ
1175 4059 1321 4119 χεῖρε
1358 4057 1620 4118 βαλοῦσα.
1693 4061 1888 4110 Forma
1922 4060 2097 4111 media

591 4127 717 4175 1147
773 4120 1144 4192 περιβάλοντό
1198 4121 1251 4173 οἱ
1315 4122 1676 4188 πτεροφόρον
1734 4125 1900 4191 δέμας
1959 4127 2092 4180 θεοί.

590 4194 678 4243 Sic
715 4192 1001 4241 Turnebus
1037 4207 1132 4255 pro
1179 4190 1577 4254 περεβάλοντο.
1648 4194 1792 4260 Sept.
1828 4195 1927 4260 853
1964 4195 2096 4250 ὁπό-

589 4274 678 4312 σαι
715 4258 971 4323 στρόφον
1005 4257 1234 4327 ἐσθῆσιν
1267 4259 1710 4322 περιβάλλονται.
1855 4265 1894 4310 ‘e
1915 4267 1952 4322 ’ξ
1971 4257 2022 4302 ’ὲ-

655 4327 1026 4391 περίβαρυς
1062 4325 1403 4392 praeyravis.
1478 4329 1632 4379 Eum.
1684 4333 1777 4380 161
1816 4329 1976 4395 βαρὺ,
2027 4332 2097 4384 τό

590 4395 856 4460 περίβαρυ
909 4393 1092 4457 κρύος.
1167 4396 1247 4444 De
1303 4397 1476 4446 forma
1528 4397 1787 4447 adiectivi
1823 4398 1956 4449 alibi
1990 4416 2098 4451 non

591 4465 716 4515 lecti
751 4465 887 4512 dixit
922 4461 1230 4512 Lobeckius
1268 4463 1336 4512 ad
1373 4463 1569 4527 Phryn.
1608 4480 1659 4530 p.
1697 4469 1809 4516 539.

655 4528 1043 4594 περιγραφή
1082 4526 1483 4595 lineamentum,
1520 4529 1962 4597 circumscriptio,
2001 4534 2097 4590 Ch.

590 4604 685 4651 207
724 4598 809 4650 δύ’
843 4597 1015 4649 έστόν
1050 4597 1198 4648 τώδε
1235 4599 1551 4663 περιγραφὰ
1584 4600 1799 4657 ποδοῖν,

657 4664 1071 4729 περίδρομος
1124 4664 1567 4721 circumcurrens.
1647 4667 1834 4733 Suppl.
1880 4673 1979 4722 349
2012 4668 2094 4722 ἴδε

590 4748 656 4797 με
693 4733 797 4785 τὰν
832 4732 1004 4784 ἱκέτιν
1039 4732 1263 4795 φυγάδα
1298 4732 1651 4799 περίδρομον.
1686 4733 1708 4799 ΙΙ
1732 4735 2095 4789 circumdans.

593 4805 741 4866 Sept.
777 4804 875 4851 495
911 4797 1248 4863 περίδρομον
1294 4801 1462 4864 κύτος
1497 4802 1949 4869 προσηδάφισται
1985 4819 2096 4857 xci·

592 4868 932 4932 λογάστορος
968 4867 1189 4922 κύκλου.

656 4933 1105 5001 περιελαύνω.
1144 4936 1206 4986 V.
1244 4935 1483 4989 ἐλαύνω.

2146 3938 2248 3974 νον
2294 3922 2483 3983 ἀστοῖς
2535 3921 2960 3986 περιστέλλουσι
3014 3922 3267 3984 βουλεύω
3304 3921 3503 3982 σέβειν.
3578 3919 3654 3967 Si-

2148 3990 2296 4041 milia
2329 4006 2380 4045 ν.
2415 3991 2472 4041 in
2510 3992 2671 4042 Thes.
2707 3990 2814 4041 vol.
2851 3993 2882 4040 6
2920 4007 2973 4056 p.
3008 3992 3123 4040 937.

2216 4058 2657 4121 περιστιχίζω
2694 4055 3060 4109 circumvalla
3133 4059 3231 4120 Ag.
3260 4054 3656 4118 1383ἄπειρον

2149 4122 2588 4191 ἀμφίβληστρον,
2627 4126 2819 4190 ὥσπερ
2857 4124 3086 4191 ἰχθύων,
3127 4121 3497 4186 περιστιχίζω.
3658 4161 3665 4170 .

2217 4191 2591 4256 περίφοβος
2615 4192 2989 4260 pertrepidus,
3021 4189 3421 4255 formidolosus,
3469 4189 3652 4255 Suppl.

2150 4265 2248 4313 736
2284 4260 2592 4325 περίφοβόν
2627 4262 2684 4325 μ’
2717 4261 2827 4327 ἔχει
2857 4258 3075 4325 τάρβος.
3147 4260 3473 4308 Adverbium
3511 4271 3658 4320 περι·

2151 4328 2345 4393 φόβως
2382 4329 2482 4381 Ch.
2515 4331 2582 4380 35
2616 4345 2714 4395 pro
2745 4329 2873 4393 ⁴trent
2909 4327 3072 4394 φόβῳ
3121 4327 3507 4377 restituendum
3542 4340 3659 4376 esse

2152 4397 2382 4447 coniecit
2414 4397 2630 4448 Portus,

2217 4462 2578 4530 περίφρων
2612 4461 2887 4530 superbus.
2957 4465 3060 4529 Ag.
3100 4466 3228 4513 1426
3265 4460 3575 4526 περίφρονα
3611 4460 3660 4510 δ’
3696 4477 3713 4510 .-

2149 4532 2359 4595 ἔλακες.
2430 4531 2640 4599 [Suppl.
2681 4536 2778 4584 757
2815 4528 3151 4596 περίφρονες
3184 4531 3233 4580 δ’
3268 4530 3408 4592 ἄγαν
3456 4528 3656 4593 ἀνιέρῳ

2151 4601 2319 4664 μένει.
2390 4601 2533 4666 quod
2588 4601 2760 4651 schol.
2814 4616 2934 4665 exp.
2985 4598 3112 4650 ἀντὶ
3169 4601 3270 4650 τοῦ
3326 4597 3656 4662 ύπέρφονες.

2150 4669 2257 4720 Sed
2290 4667 2592 4732 Aeschylus
2627 4666 2974 4732 φυσίφρονες
3022 4668 3346 4732 scripserat:
3393 4681 3445 4714 ν.
3495 4662 3655 4726 φυσί·

2234 4751 2333 4787 ων.

2150 4733 2666 4871 φῖπείὶιχαμπτά
2720 4803 2909 4869 Suppl.
2961 4803 3061 4853 856
3112 4802 3435 4852 vocabulum
3480 4814 3658 4849 corru-

2146 4881 2316 4939 ptum,
2351 4872 2585 4921 nondum
2618 4872 2973 4938 probabiliter
3009 4865 3387 4933 emendatum]

2219 4939 2644 5003 περιώδυνος
2692 4936 2904 4990 dolores
2948 4935 3206 4990 excitans,
3278 4939 3377 4999 Ag.
3418 4937 3544 4984 1449
3582 4933 3655 4997 μὴ

657 5003 1027 5068 περίθῦμος
1073 5001 1395 5055 iracundus.
1468 5007 1613 5070 Sept.
1657 5009 1757 5059 723
1800 5006 1901 5068 τάς
1945 5022 2093 5073 περι·
2150 5006 2494 5073 περιώδυνος
2531 5005 2668 5072 μηδὲ
2702 5005 3085 5070 δεμνιοτήρης.

591 5072 798 5135 θύμους
834 5069 1078 5133 κατάρας
1113 5068 1380 5123 Οἰδιπόδα
1416 5071 1812 5138 βλαψίφρονος.

2212 5075 2272 5128 Π
2286 5089 2309 5126 ε
2324 5088 2356 5139 ρ
2367 5088 2399 5138 ρ
2412 5089 2448 5126 α
2459 5089 2474 5125 ι
2487 5075 2516 5136 β
2527 5071 2588 5125 οί
2611 5071 2928 5138 Perrhaebi,
2954 5089 3088 5137 gens
3109 5071 3441 5132 Thessaliae,
3463 5068 3527 5118 de
3552 5084 3658 5133 qua

658 5131 1353 5202 περιθύμωςίναοαήάε.
1427 5141 1520 5192 Ch.
1546 5144 1611 5192 40
1636 5141 1947 5206 μέμφεσθαι
1965 5141 2099 5203 τοὺς
2148 5163 2198 5199 v.
2241 5143 2402 5193 Thes.
2453 5142 2562 5192 vol.
2615 5145 2647 5191 6
2684 5160 2736 5207 p.
2781 5146 2896 5194 997.
2971 5140 3157 5205 Suppl.
3193 5141 3290 5188 256
3325 5136 3656 5199 Περραιβῶν

590 5210 691 5269 γᾶς
727 5206 924 5270 νέρθεν
961 5205 1292 5269 περιθύμως.

657 5273 1096 5337 περιίσταμαι
1150 5274 1450 5327 circum-sto,
1538 5276 1627 5326 Fr.
1679 5280 1776 5327 407
1830 5276 1982 5338 ὑμεῖς
2034 5276 2095 5330 δὲ

591 5343 783 5406 βωμὸν
818 5342 983 5394 τόνδε
1021 5341 1110 5391 καί
1134 5343 1307 5406 πυρὸς
1345 5343 1510 5405 σέλας
1546 5343 1736 5409 κύκλῳ
1773 5342 2091 5409 περίστητε.
2147 5346 2230 5408 (fr.
2271 5345 2571 5408 183—185).

2145 5209 2337 5329 ίχ-ξὶόνα.
2409 5208 2627 5260 correxi
2663 5219 2943 5262 accentum
2976 5209 3232 5257 vitiosum
3259 5202 3606 5268 Περραίβων.
3640 5205 3657 5269 j:

2206 5276 2505 5343 ερραιβίδες
2566 5279 2829 5343 inscripta
2895 5277 3000 5326 suit
3056 5273 3309 5338 Aeschyli
3371 5273 3653 5335 tragoedia

2644 5346 2816 5395 Recta
2858 5343 3088 5395 nominis
3134 5343 3402 5406 scriptura
3437 5344 3656 5389 servata

658 5407 1114 5474 περίκλυστος
1158 5408 1521 5476 circumfluus.
1591 5413 1743 5465 Pers.
1788 5416 1885 5463 596
1932 5410 2092 5462 Αίαν-
2145 5416 2322 5464 estin
2366 5411 2630 5476 catalogo
2676 5413 3003 5464 fabularum:
3045 5409 3262 5460 dativus
3299 5405 3655 5471 Περραιβίσιν

589 5493 687 5540 τος
722 5477 1064 5541 περικλύστα
1100 5480 1285 5539 νᾶσος.
1359 5479 1472 5543 (ubi
1518 5480 1899 5532 terminatione
1948 5482 2091 5530 semi·
2147 5482 2205 5531 in
2238 5480 2554 5545 περραιβοῖς
2599 5484 2882 5545 corruptus
2926 5477 3067 5543 apud
3113 5480 3301 5528 Athen.
3355 5480 3413 5525 11

3452 5491 3502 5539 p.
3537 5478 3653 5526 476.

589 5549 721 5597 nina
757 5562 886 5596 usus
923 5551 1023 5608 est,
1062 5560 1127 5594 ne
1164 5548 1269 5595 tria
1294 5562 1350 5595 se
1390 5549 1700 5611 exciperent
1733 5548 2002 5598 vocabula
2037 5549 2093 5598 in
2147 5551 2263 5611 499,
2301 5550 2360 5598 in
2394 5545 2670 5611 περρέβην
2705 5548 2759 5597 in
2792 5547 2980 5598 codice
3005 5545 3262 5611 Hesychii
3299 5560 3341 5593 s.
3375 5560 3427 5593 v.
3463 5539 3653 5593 ἀπαιό·

590 5629 650 5675 ος
703 5616 1010 5666 terminata.
1088 5612 1301 5676 Δήλοιο
1353 5613 1724 5680 περικλύστης
1778 5622 1864 5666 est
1913 5617 1973 5665 in
2024 5616 2092 5665 Η.
2145 5616 2235 5679 λη,
2269 5615 2334 5665 de
2373 5631 2478 5680 quo
2500 5615 2611 5664 dixi
2646 5614 2909 5666 inPraef.
2943 5611 3009 5663 ad
3034 5614 3231 5665 Athen.
3265 5612 3372 5662 vol.
3410 5615 3435 5661 1
3477 5627 3528 5675 p.
3551 5610 3649 5661 IV.

591 5684 810 5731 Homer.
864 5683 922 5730 in
959 5681 1131 5745 Apoll.
1179 5680 1315 5744 181.)
1387 5685 1486 5733 87¹.)
1538 5682 1698 5734 νᾶσοί
1750 5683 1803 5733 Θ’
1844 5681 1902 5735 αἱ
1952 5682 2094 5734 κατὰ

591 5750 772 5816 πρῶν’
806 5748 965 5800 ἅλιον
1000 5746 1374 5813 περίκλυστοι.

2212 5682 2478 5747 Πέρσαι
2511 5679 2732 5737 Persae.
2802 5682 3085 5734 Genitivus
3118 5680 3380 5746 Περσῶν.
3450 5680 3597 5731 Pers.
3625 5682 3650 5730 1

2115 5742 2213 5807 lis
2247 5754 2313 5801 23
2347 5752 2411 5802 91
2458 5752 2553 5802 157
2597 5752 2697 5802 2⁶2
2739 5753 2838 5802 441
2884 5752 2981 5802 ⁶12
3017 5751 3116 5800 sss
3152 5753 3247 5802 597
3287 5750 3385 5797 ‘114
3418 5749 3517 5797 912
3552 5748 3653 5798 9⁷8
