4300 6317
1928 957 2206 1023 παρθένος
2242 985 2375 996 --
2409 961 2520 1020 πᾶς

682 1110 933 1228 ειέρρίοιο
954 1149 969 1175 ,
1030 1110 1464 1176 Παρθενοπαῖον
1525 1110 1781 1176 Ἀρκάδ’,
1845 1110 2190 1176 Ἀταλάντης

680 1192 713 1238 γ
751 1192 868 1227 νον.

3627 955 3752 1020 275

2311 1110 2647 1177 πάροικος
2697 1109 2928 1163 vicinus.
2999 1111 3148 1162 Pers.
3202 1113 3300 1160 869
3352 1108 3463 1161 οἷαι
3508 1111 3749 1173 Στρυμο-

2243 1176 2366 1230 νίου
2402 1177 2681 1242 πελάγους
2702 1178 3032 1243 Ἀχελωῑδες
3067 1175 3173 1231 εἰσὶ
3211 1178 3464 1242 πάροικοι
3490 1177 3750 1242 Θρῃκίων

748 1245 1085 1310 παρθένος
1137 1245 1307 1314 viv-90.
1375 1247 1462 1298 Pr.
1514 1249 1613 1298 416
1667 1245 1928 1310 Κολχίδος
1980 1260 2046 1298 τε
2088 1250 2191 1308 γᾶς
2244 1246 2527 1299 ἐπαύλων.

682 1311 883 1363 ἔνοικοι
909 1315 1192 1377 παρθένοι.
1248 1318 1346 1367 588
1372 1315 1554 1373 κλύεις
1578 1314 1800 1380 φθέγμα
1819 1317 1916 1374 τᾶς
1938 1314 2187 1377 βούκερω

2310 1313 2639 1378 παροιμία
2665 1312 3028 1380 proverbium.
3101 1314 3199 1378 Ag.
3228 1316 3326 1363 264
3353 1313 3546 1375 ὥσπερ
3572 1313 3607 1374 ή
3645 1328 3747 1365 πα·

682 1380 989 1444 παρθένου;
1014 1385 1111 1432 608
1131 1380 1305 1445 φράζε
1323 1386 1394 1448 τᾷ
1417 1383 1722 1449 δυσπλάνῳ
1744 1383 2021 1448 παρθένῳ.
2043 1382 2189 1447 Sept.
2244 1381 2441 1444 ροιμία.

684 1452 774 1497 111
817 1448 961 1500 ἴδετε
998 1448 1552 1513 παρθένων·ίκέσιον
1601 1450 1787 1514 λόχον.
1862 1453 1952 1499 171
1994 1450 2190 1501 κλύετε

2311 1432 2723 1515 παροίχομαι
2758 1453 3053 1514 praetereo.
3134 1452 3231 1513 Ag.
3278 1451 3374 1500 567
3429 1445 3747 1512 παροίχεται

682 1515 1001 1578 παρθένων.
1090 1522 1188 1567 536
1240 1518 1302 1567 de
1357 1518 1765 1582 Parthenopaeo
1819 1516 2007 1580 ὠμὸν,
2066 1517 2189 1567 οὔτι
2244 1517 2446 1579 πόνος,
2499 1516 2822 1582 παροίχεται
2866 1517 2928 1569 δέ
2975 1521 3120 1568 τοῖσι
3171 1517 3270 1577 μέν
3314 1516 3644 1579 τεθνηκόσιν
3681 1517 3748 1565 τό

682 1583 982 1645 παρθένων
1002 1583 1304 1647 ἐπώνυμον
1328 1584 1610 1649 φρόνημα.
1681 1588 1779 1634 662
1814 1585 1849 1647 ἡ
1888 1584 2024 1645 Διὸς
2060 1588 2190 1645 παῖς
2244 1584 2453 1648 μήποτ’
2503 1584 2657 1646 αὖθις
2708 1586 2836 1648 μηδ’
2897 1584 3203 1649 ἀναστῆναι
3258 1584 3459 1647 μέλειν.
3509 1583 3528 1646 ΙΙ
3567 1595 3745 1646 peren.

684 1650 961 1713 παρθένος
1023 1651 1186 1715 Δίκη.
1281 1653 1434 1706 Pers.
1495 1655 1594 1703 613
1653 1651 1868 1713 λιβάσιν
1927 1651 2190 1716 ὑδρηλαῖς

685 1719 965 1782 παρθένου
1009 1722 1190 1783 πηγῆς
1235 1718 1389 1782 μέτα.
1461 1720 1612 1771 Eum.
1648 1723 1747 1773 998
1783 1719 2068 1783 παρθένου
2104 1717 2190 1782 φί·

684 1786 781 1845 λας
807 1785 974 1848 φίλοι.
1047 1788 1237 1851 Suppl.
1266 1790 1365 1838 -180
1399 1786 1578 1851 πάτερ
1612 1787 1798 1852 γεραιὲ
1833 1787 2016 1838 τῶνδε
2052 1800 2190 1849 παρ-

684 1851 888 1902 θένων.
962 1858 1088 1904 1003
1113 1854 1409 1918 παρθένων
1435 1854 1702 1919 χλιδαῖσιν
1736 1854 2045 1918 εὐμόρφοις
2080 1855 2191 1907 ἐπι.

685 1920 767 1974 Fr.
818 1924 912 1970 159
957 1920 1166 1984 Ἴστρος
1208 1922 1469 1982 τοιαύτας
1515 1921 1823 1985 παρθένους
1885 1922 2191 1984 λοχεύεται.

481 1973 488 2019 -’
533 1958 550 2004 ’·
609 2005 626 2016 -’
684 1989 780 2037 238
816 1987 1007 2049 ἁγναῖς
1053 1987 1349 2051 παρθένοις
1400 1989 1694 2054 γαμηλίων
1738 1988 1992 2055 λέκτρων
2033 1988 2190 2049 άγεύ·

529 2067 536 2072 ·
579 2071 585 2086 -·
684 2066 852 2116 στοις.
921 2058 1019 2106 322
1045 2056 1250 2120 χλιδῶν
1285 2070 1348 2107 τε
1385 2056 1673 2120 πλόκαμος
1709 2057 1858 2109 ὥστε
1895 2056 2192 2121 παρθένοις

454 5188 515 5224 τ’,ο
524 5177 547 5219 0'

683 2120 884 2186 ἁβραῖς.

750 2190 1324 2255 παρθενόσφαγος
1368 2189 1432 2242 in
1475 2190 1715 2257 viryinis
1757 2189 1920 2243 caede
1972 2189 2192 2255 effu-sue.

687 2258 783 2315 Aff-
822 2261 918 2308 209
956 2258 1189 2318 μιαίνων
1226 2259 1782 2323 παρθενοσφάγοισιν
1816 2259 2052 2324 ῥείθροις
2086 2274 2189 2310 πα·

685 2324 900 2388 τρῲους
937 2326 1114 2390 χέρας.

751 2393 1110 2455 παρθενών
1143 2392 1380 2459 viryinis
1402 2393 1667 2447 conclave.
1737 2396 1823 2450 Pr.
1848 2396 1947 2445 646
1972 2392 2190 2445 πωλεύ·

686 2473 842 2519 μεναι
879 2459 935 2521 ές
971 2463 1336 2524 παρθενῶνας
1370 2462 1501 2525 τοὺς
1539 2461 1718 2525 έμούς.

751 2526 1021 2591 Πάρθος
1057 2527 1334 2592 Parthus,
1370 2546 1424 2579 n.
1467 2546 1545 2596 pr,
1593 2531 1861 2581 Persicum
1896 2530 2046 2580 Pers.
2071 2530 2188 2580 984.

752 2593 1039 2658 παρίημι
1063 2596 1459 2660 praetermitto,
1496 2596 1724 2663 ne911‘90.
1795 2599 1895 2661 Ag.
1934 2600 2026 2648 291
2071 2596 2102 2647 ό
2140 2596 2189 2648 δ’

686 2661 806 2712 οὔτι
843 2662 1067 2724 μέλλων
1103 2663 1224 2715 οὐδ’
1264 2665 1642 2729 ἀφρασμόνως
1677 2664 1841 2727 ὕπνῳ
1880 2664 2187 2725 νικώμενος

688 2732 939 2792 παρῆκεν
986 2729 1224 2792 ἀγγέλου
1270 2732 1450 2795 μέρος.
1522 2733 1617 2785 Ch.
1664 2736 1761 2782 925
1806 2732 1999 2795 παρείς
2034 2731 2183 2786 τάδε.

689 2801 816 2847 1032
853 2797 1102 2863 παρέντα
1126 2797 1249 2850 δ’-
1269 2799 1371 2850 ούκ
1395 2799 1506 2862 έρῶ
1537 2801 1645 2862 τὴν
1680 2797 1891 2861 ζημίαν.
1943 2801 2184 2849 Praeter·

685 2865 844 2913 eundi
898 2866 1297 2929 significatione
1368 2868 1454 2920 Pr.
1509 2871 1607 2917 792
1670 2866 1886 2919 πόντου
1948 2870 2187 2930 παρεῖσα

685 2933 974 2993 φλοῖσβον.
1062 2934 1152 2985 Sic
1204 2935 1608 2985 Heimsoethius
1662 2950 1757 2999 pro
1809 2936 2070 2999 περῶσα,
2123 2935 2187 2984 de

686 3015 791 3062 quo
836 3001 1042 3050 dicetur
1088 3017 1129 3056 s,
1175 3019 1224 3056 v.
1271 3000 1486 3064 στιβέω.
1557 3003 1837 3052 Passivum
1876 3005 1963 3052 Pr.
2002 3004 2099 3052 819
2137 2999 2189 3052 εί

687 3066 786 3126 μέν
818 3081 870 3117 τι
906 3067 1037 3131 τῇδε
1063 3069 1265 3119 λοιπὸν
1289 3069 1324 3131 ἢ
1354 3069 1686 3133 παρειμένον
1721 3069 1861 3130 ἔχεις
1895 3073 2185 3130 γεγωνεῖν.

686 3136 711 3252 ,ὲ
733 3134 1004 3253 ρρνιηὲίιίιί.
1091 3139 1191 3200 Ag.
1255 3140 1353 3187 943
1415 3136 1616 3200 κράτος
1669 3135 1859 3199 μέντοι
1912 3136 2083 3200 πάρες
2133 3137 2189 3198 γ’

717 3217 834 3252 κων
901 3217 968 3263 μο
994 3239 1005 3251 .

751 3268 956 3332 Πάρις
991 3268 1179 3328 Paris,
1216 3273 1414 3322 Priami
1439 3273 1586 3336 reg-is
1611 3272 1775 3325 filius.
1842 3272 1940 3335 Ag.
1966 3275 2063 3323 399
2089 3274 2187 3323 532

687 3339 970 3388 Genitims
994 3337 1236 3402 Πάριδος
1266 3343 1410 3390 1156.
1483 3340 1840 3390 Accusativus
1865 3339 2047 3403 Πάριν
2073 3342 2184 3389 711.

753 3402 1170 3468 παρίσταμαι
1196 3409 1342 3468 (cum
1368 3410 1607 3470 perfecto
1633 3405 1959 3470 παρέστηκα
1976 3414 2033 3457 et
2066 3422 2184 3472 par·

687 3473 877 3537 ticipio
902 3474 1217 3537 παρεστώς,
1243 3476 1447 3524 aoristo
1473 3474 1784 3538 παρέστην)
1808 3472 1981 3527 adsto,
2035 3475 2186 3538 Sept.

683 3541 781 3588 487
820 3539 918 3590 ξὺν
954 3541 1055 3604 βοῇ
1104 3539 1457 3605 παρίσταται.
1530 3543 1676 3593 Pers.
1720 3544 1813 3592 197
1859 3542 2047 3606 πατὴρ
2082 3555 2185 3593 πα·

685 3604 952 3668 ρίσταται.
1021 3610 1176 3658 Ειιιιι.
1206 3610 1270 3659 65
1294 3608 1460 3671 έγγὺς
1484 3608 1796 3673 παρεστώς.
1865 3608 2049 3673 Suppl.
2086 3612 2186 3660 216

686 3673 1001 3739 παρασταίη
1028 3675 1322 3739 πρόφρων.
1393 3676 1537 3741 Sept.
1562 3679 1659 3727 705
1684 3678 1794 3737 νῦν
1823 3676 1920 3728 ὅτε
1956 3689 2044 3735 σοι
2080 3690 2183 3726 πα-

644 3780 656 3794 .
685 3742 970 3805 ρέστακεν.
1018 3742 1038 3807 ΙΙ
1086 3743 1156 3794 τὰ
1204 3746 1544 3806 παρεστῶτα
1588 3757 1676 3794 res
1703 3746 2028 3808 praesentes.
2097 3744 2185 3792 Pr.

595 3857 602 3861 .
680 3814 783 3860 236
808 3809 1072 3873 κράτιστα
1095 3810 1163 3874 δή
1190 3825 1279 3871 μοι
1308 3815 1429 3861 τῶν
1454 3811 1842 3875 παρεστώτων
1866 3810 1996 3862 τότε
2033 3808 2185 3874 ἐφαί-

685 3876 801 3927 νετ’
855 3876 1016 3930 εἶναι.

684 3958 805 3994 των
842 3944 1005 4005 λέγει.

749 4010 1142 4075 Παρνάσιος
1195 4011 1528 4066 Parnasius.
1609 4013 1708 4064 ch.
1758 4017 1855 4064 952
1909 4012 1941 4063 ό
1992 4010 2186 4074 Λοξίας

686 4079 716 4130 ὁ
753 4079 1089 4143 Παρνάσιος.

1085 3880 1183 3943 Ag.
1224 3882 1351 3929 1053
1386 3877 1459 3929 τά
1493 3881 1687 3945 λῷστα
1722 3881 1841 3928 τῶν
1894 3877 2185 3943 παρεστώ-

749 4147 1093 4211 Παρνησίς
1136 4145 1442 4200 Parnasia.
1529 4148 1625 4199 ch.
1677 4150 1776 4200 563
1812 4148 2017 4212 φωνὴν
2051 4147 2184 4210 ἢσο-
2239 4146 2467 4200 delicias
2516 4146 2593 4199 ad
2643 4146 2762 4199 alia
2811 4145 3024 4215 gaudia
3076 4149 3403 4201 accedentes

684 4230 784 4277 μεν
819 4213 1145 4278 Παρνησίδα
1183 4213 1559 4280 (παρνησσίδα
1595 4217 1688 4276 Μ).

2245 1652 2429 1717 Suppl.
2475 1655 2573 1704 738
2625 1652 2929 1717 περίφοβόν
2966 1653 3021 1714 μ’
3054 1652 3167 1716 ἔχει
3201 1652 3400 1715 τάρβος
3437 1651 3745 1713 ἐτητύμως,

2244 1719 2598 1783 πολυδρόμου
2624 1722 2805 1784 φυγᾶς
2830 1720 3036 1782 ὄφελος
3074 1719 3124 1770 εἷ
3158 1718 3214 1770 τί
3251 1736 3357 1781 μοι,
3395 1718 3747 1782 παροίχομαι,

2244 1789 2446 1850 πάτερ,
2482 1784 2710 1851 δείματι,
2748 1789 2887 1853 quod
2923 1786 3140 1852 οἴχομαι
3175 1787 3336 1851 φόβῳ
3374 1788 3513 1836 dixit
3548 1803 3596 1835 v.
3632 1788 3745 1836 786.

2244 1853 2565 1918 παροίχεται
2619 1855 2755 1920 legit
2805 1856 3128 1914 scholiasta,
3203 1863 3403 1919 puncto
3450 1861 3572 1919 post
3630 1853 3749 1916 ἐτη·

2242 1921 2452 1985 τύμως,
2480 1929 2740 1973 commate
2769 1928 2890 1988 post
2916 1922 2963 1973 εἷ
2987 1920 3041 1973 τί
3065 1937 3153 1985 μοι
3180 1923 3449 1987 ponendo.
3524 1923 3746 1971 Rectam

2245 1991 2738 2055 interpunctionem
2790 1991 3031 2040 restituit
3086 1992 3445 2041 Hermannus.
3523 1990 3655 2038 Nam
3701 1987 3749 2040 εί

2247 2058 2518 2122 particula
2562 2074 2682 2108 cum
2725 2060 2907 2108 verbis
2953 2057 3263 2121 περίφοβόν
3313 2057 3367 2119 μ’
3402 2058 3513 2119 ἔχει
3546 2055 3747 2120 τάρβος

2246 2132 2557 2176 constructa
2592 2133 2693 2177 est.
2738 2124 2759 2190 ΙΙ
2800 2125 2932 2175 Cum
2976 2128 3219 2190 genitivo
3269 2132 3631 2175 constructum
3666 2131 3748 2176 est

2245 2191 2542 2244 aberrandi
2586 2193 3011 2258 significatione,
3067 2201 3129 2243 ut
3163 2191 3524 2256 ἁμαρτάνειν,
3576 2195 3676 2243 452
3710 2192 3745 2254 ἢ

2246 2260 2420 2323 κάρτα
2438 2259 2653 2321 νείκους
2676 2259 2832 2311 τοῦδ’
2854 2259 2967 2321 ἐγὼ
3005 2257 3354 2323 παροίχομαι,
3396 2268 3458 2310 ut
3495 2277 3582 2326 ap.
3621 2259 3747 2314 Eur.

2244 2328 2381 2379 Med.
2425 2331 2523 2378 964
2558 2327 2799 2379 δύστανε
2836 2325 3030 2391 μοίρας
3066 2327 3203 2379 ὅσον
3241 2326 3513 2390 παροίχει.
3588 2327 3747 2377 Scho-

2244 2395 2409 2445 liasta
2452 2397 2739 2446 annotavit
2785 2395 2876 2446 καί
2918 2397 3091 2446 τοῦτο
3140 2399 3320 2445 ποιῶν
3357 2394 3516 2452 ἐκτὸς
3553 2394 3747 2457 ἔσομαι

2241 2464 2343 2513 τοῦ
2382 2459 2597 2523 νείκους
2631 2463 2778 2522 θεοῖς
2813 2461 3140 2526 ὑπηρετῶν,
3189 2464 3327 2512 unde
3366 2463 3580 2512 Paleius
3616 2464 3748 2512 seri·

2244 2532 2354 2593 psit
2387 2528 2422 2592 ἦ
2463 2531 2566 2590 (sic
2591 2528 2898 2593 Turnebus)
2924 2527 3099 2594 κάρτα
3136 2529 3352 2590 νείκους
3387 2533 3559 2580 τοῦτο
3595 2530 3747 2594 δρῶν

2240 2597 2591 2661 παροίχομαι,
2626 2599 2811 2649 νει-δῖε
2837 2599 2984 2657 θεοῖς
3016 2596 3336 2661 ὑπηρετῶν,
3376 2614 3511 2663 quae
3544 2597 3745 2660 glosse-

2240 2682 2326 2715 ma
2352 2673 2477 2715 sunt
2500 2667 2780 2715 verborum
2806 2667 2979 2716 τοῦτο
3005 2665 3172 2728 δρῶν,
3200 2668 3490 2729 separatim
3511 2668 3746 2729 scriptis·

2311 2731 2374 2797 [π
2387 2732 2420 2782 ά
2432 2746 2464 2796 ρ
2474 2748 2506 2783 o
2517 2747 2548 2796 ρ
2560 2748 2592 2782 ν
2604 2749 2620 2784 ι
2632 2730 2808 2792 §male
2825 2730 3164 2796 auspicatus,
3178 2731 3570 2796 inauspicatu-S.
3593 2736 3746 2783 Eum.

2241 2803 2337 2850 770
2360 2802 2416 2851 in
2441 2802 2689 2850 versibus
2714 2800 3120 2865 interpolatoris
3179 2800 3343 2860 όδοὺς
3378 2799 3620 2863 ἀθύμους
3657 2801 3746 2851 καὶ

2240 2867 2575 2931 παρόρνιθας
2611 2867 2819 2932 πόρους
2853 2838 3143 2933 τιθέντες.Ῐ

2307 2933 2517 2999 πάρος
2552 2937 2695 2985 ante.
2766 2936 2897 2986 Cum
2945 2936 3188 3001 genitivo
3235 2938 3332 2999 Ag.
3376 2939 3501 2986 1057
3538 2935 3609 2988 τὰ
3645 2935 3745 2999 μὲν

2238 3001 2344 3065 γάρ
2383 3001 2567 3064 ἑστίας
2602 3003 2967 3066 μεσομφάλου
3009 3001 3243 3065 ἔστηκεν
3280 3003 3384 3067 ήδη
3423 3005 3570 3065 μῆλα
3605 3003 3746 3067 πρὸς

2241 3069 2459 3132 σφαγὰς
2496 3069 2689 3133 πάρος.
2762 3069 2854 3120 Sic
2889 3073 3237 3135 Musgravius
3274 3087 3367 3135 pro
3407 3070 3595 3136 πυρός.
3647 3068 3744 3120 πά-

2238 3152 2335 3201 ρος
2371 3137 2802 3202 coniungendum
2859 3153 2977 3187 cum
3030 3140 3269 3201 genitivo
3324 3137 3508 3199 ἑστίας
3546 3151 3744 3200 μεσομ-
3800 3139 3805 3146 ’

2240 3203 2442 3337 (τξὲἒὲἓ.
2491 3204 3109 3337 ῃδιῄιῖῗῑὲῗᾞόιῠξττόιόός
3148 3206 3745 3336 λῖκλεγῗᾷοἳεᾞὲίζᾟνς.

2240 3343 2338 3391 555
2373 3338 2618 3402 ἀδελφὸς
2654 3341 2756 3390 τοῦ
2792 3338 2966 3401 πάρος
3002 3338 3358 3401 λελεγμένου.
3432 3340 3619 3407 Suppl.
3646 3343 3744 3392 368

2239 3406 2350 3468 ἐγὼ
2403 3407 2453 3459 δ’
2509 3407 2579 3457 ἂν
2631 3405 2699 3459 ού
2754 3403 3024 3471 κραίνοιμ’
3074 3407 3382 3469 ὑπόσχεσιν
3429 3407 3605 3472 πάρος
3643 3410 3744 3473 (sio

2240 3474 2549 3539 Sophianus
2592 3490 2688 3540 pro
2732 3474 3055 3538 παρακρος).
3127 3477 3223 3525 936
3272 3475 3454 3527 πολλὰ
3498 3474 3743 3536 γίγνεται

2239 3540 2415 3607 πάρος
2468 3540 2746 3606 πεσήματ’
2797 3540 3035 3604 ἀνδρῶν.
3107 3541 3203 3591 Ch.
3258 3544 3353 3593 367
3393 3542 3569 3607 πάρος
3605 3542 3656 3595 δ’
3690 3542 3742 3595 oi

2240 3609 2543 3670 κτανόντες
2578 3624 2666 3660 νιν
2701 3608 2854 3660 οὕτω
2890 3608 3143 3673 δαμῆναι.

2306 3674 2529 3741 Πάρος
2562 3673 2779 3738 Parta-8,
2832 3676 3008 3726 insula
3057 3677 3217 3726 maris
3254 3679 3477 3742 Aegaei,
3534 3695 3639 3728 una
3676 3695 3743 3729 ex

2239 3743 2584 3808 Cycladibus.
2663 3745 2813 3794 Fere.
2852 3746 2972 3794 885.

2307 3809 2652 3875 παρουσία
2695 3809 3032 3876 praesentia.
3105 3812 3255 3861 Pers,
3309 3816 3403 3863 169
3455 3813 3603 3875 ὄμμα
3637 3814 3742 3879 γὰρ

2239 3878 2430 3939 δόμων
2464 3878 2670 3938 νομίζω
2694 3878 2977 3930 δεσπότου
3009 3878 3332 3943 παρουσίαν.
3403 3880 3496 3930 Ch.
3536 3885 3631 3933 671
3669 3881 3742 3933 δι·

2241 3946 2415 3998 καίων
2450 3946 2504 3997 τ’
2538 3944 2808 4008 ὀμμάτων
2842 3944 3134 4009 παρουσία.
3320 3961 3345 3996 ι’
3399 3994 3449 4019 ⁸,

2307 4013 2780 4079 παροψώνημα
2801 4051 2814 4076 ,
2853 4014 2995 4079 quod
3022 4016 3235 4080 proprie
3262 4016 3546 4066 obsonium
3574 4007 3741 4081 signi·

2240 4081 2365 4132 ficat
2414 4082 2538 4132 aliis
2591 4081 2816 4132 ferculis
2868 4082 3137 4146 additum,
3191 4082 3416 4146 figurate
3472 4084 3743 4149 significat

2238 4218 2302 4267 de
2323 4216 2599 4267 Casandra
2619 4220 2792 4268 κεῖται
2821 4216 3083 4281 φιλήτωρ
3114 4216 3265 4268 τοῦδ’
3295 4218 3351 4279 (i.
3379 4234 3424 4267 c.
3454 4168 3740 4283 Aggamem·

750 4282 1116 4346 Παρνησός
1151 4282 1470 4345 Parnasus,
1505 4299 1658 4333 mons
1694 4283 1962 4337 Phocidis,
2035 4285 2184 4335 Eum.
2240 4283 2442 4349 nonis),
2480 4283 2603 4342 έμοί
2628 4282 2678 4334 δ’
2713 4282 2997 4346 ἐπήγαγεν
3019 4284 3184 4348 εὐνῆς
3211 4283 3606 4351 παροψώνημα
3640 4290 3741 4351 τῆς
3838 4289 3847 4294 “

685 4354 740 4399 11
766 4349 821 4411 ἐς
853 4350 1024 4414 τήνδε
1048 4354 1212 4411 γαῖαν
1249 4351 1384 4414 ἦλθε
1413 4349 1722 4414 Παρνησοῦ
1758 4351 1810 4402 θ’
1845 4350 2019 4414 ἕδρας.
2094 4353 2186 4402 Sic
2238 4351 2371 4428 ἐμῆς
2423 4350 2641 4468 ἶλιδῆς,
2696 4352 2837 4427 quod
2876 4351 3191 4403 Schuetzius
3238 4355 3314 4402 sic
3352 4355 3743 4418 interpretatur

682 4419 782 4467 hoc
835 4418 953 4468 loco
1007 4418 1089 4481 M,
1145 4420 1236 4484 qui
1285 4417 1642 4482 Παρνάσσιος
1696 4425 1752 4469 et
1793 4415 2184 4484 Παρνησσίδος
2236 4423 2375 4471 tacet

2462 4417 2590 4469 uias
2639 4431 2853 4469 amasta
2889 4423 2946 4469 et
2998 4427 3166 4469 morte
3215 4436 3313 4469 sua
3350 4418 3480 4471 lecto
3516 4436 3657 4485 meo,
3705 4425 3740 4473 i.

681 4486 883 4551 duplici
919 4498 952 4537 σ
990 4487 1214 4550 praebet
1248 4486 1345 4539 Ch.
1371 4490 1468 4537 952
1502 4493 1557 4537 et
1593 4489 1708 4546 563,
1747 4502 1884 4551 quae
1921 4494 2185 4551 perpetua
2236 4506 2280 4538 e.
2318 4486 2701 4539 consuetudini
2735 4501 2854 4536 cum
2877 4487 3153 4551 Aegistho.
3188 4485 3463 4539 cumulum
3497 4488 3741 4555 volupta-

682 4559 767 4602 est
816 4557 871 4603 in
925 4554 1025 4602 hoc
1071 4554 1443 4617 similibusque
1489 4554 1790 4604 nominibus
1834 4554 1892 4604 in
1938 4553 2036 4614 σός
2095 4554 2181 4605 vel
2232 4553 2306 4606 tis
2356 4551 2600 4607 addidit.
2673 4553 2930 4604 Similiter
2973 4553 3216 4620 παροψίς
3261 4555 3325 4604 de
3376 4557 3620 4606 adultero
3665 4559 3741 4607 di·

681 4620 815 4680 σσός
851 4623 1151 4672 terminatis
1186 4622 1498 4684 fluctuatio,
1543 4622 1607 4671 de
1645 4636 1753 4685 qua
1787 4621 1900 4671 dixi
1935 4623 1990 4671 in
2026 4622 2181 4671 Thes.
2236 4630 2380 4673 ctum
2433 4638 2520 4687 ap.
2575 4620 2850 4686 Aristopb.
2902 4621 2964 4674 fr.
3013 4625 3111 4672 226
3156 4621 3353 4682 πάσαις
3403 4626 3649 4686 γυναιξὶν
3685 4625 3739 4679 ἐξ

680 4688 785 4737 νοί.
814 4690 844 4737 6
871 4705 920 4753 p.
948 4692 1062 4740 527.
1133 4688 1366 4753 Simplex
1403 4702 1438 4741 σ
1474 4688 1782 4754 plerumque
1817 4694 1901 4740 est
1934 4691 1991 4739 in
2025 4689 2183 4740 libris
2236 4690 2361 4751 ἑνός
2411 4689 2473 4750 γέ
2518 4702 2622 4739 του
2666 4687 2882 4753 τρόπου
2930 4688 3124 4754 ὥσπερ
3161 4691 3403 4753 παροψὶς
3457 4693 3647 4755 μοιχὸς
3691 4692 3738 4743 έ·

680 4757 1115 4819 antiquioribus:
1152 4756 1243 4805 sed
1269 4757 1322 4805 id
1347 4757 1662 4807 recentioris
1700 4771 1829 4806 usus
1862 4771 1981 4806 esse
2015 4757 2183 4806 tradit
2234 4755 2634 4818 σκευασμένος·
2693 4771 2847 4822 quem
2905 4756 3081 4808 locum
3127 4757 3475 4808 Blomfieldus
3529 4775 3737 4825 compa·

680 4824 1005 4873 Eustathius
1044 4840 1093 4887 p.
1135 4826 1278 4881 1872,
1315 4827 1404 4885 50,
1463 4839 1600 4890 quae
1639 4824 1931 4873 Herodiani
1966 4840 2180 4889 qnoque
2235 4827 2392 4876 ravit.

680 4892 954 4940 sententia
995 4891 1166 4942 fuisse
1205 4892 1442 4954 videtur,
1497 4907 1530 4941 a
1566 4907 1671 4957 quo
1705 4889 2041 4955 Παρνασσός
2079 4890 2181 4943 δύο

2300 4909 2342 4943 π
2356 4907 2389 4943 α
2400 4908 2432 4958 ρ
2446 4891 2493 4942 ώ
2508 4905 2541 4941 ν
2552 4906 2585 4941 υ
2599 4905 2675 4955 μο
2689 4905 2716 4952 ς
2752 4888 2984 4943 aliunde
3018 4890 3443 4957 coquom-inatus.
3515 4895 3670 4944 Eum.
3708 4899 3739 4947 8

678 4970 749 5009 σσ
785 4958 915 5022 ἔχον
962 4960 1102 5007 inter
1150 4964 1388 5022 oxytona
1423 4961 1480 5009 in
1516 4957 1614 5019 σός
1649 4959 1882 5023 positum
1918 4965 2001 5009 est
2037 4961 2181 5025 apud
2235 4960 2303 5012 τό
2340 4957 2544 5023 Φοίβης
2579 4959 2629 5010 δ’
2665 4957 2827 5022 ὄνομ’
2859 4959 2970 5023 ἔχει
3007 4960 3367 5022 παρώνυμον.

676 5026 965 5075 Arcadium
991 5043 1040 5091 p.
1067 5027 1147 5087 76,
1173 5028 1238 5075 24
1274 5026 1400 5088 (vol.
1443 5029 1467 5075 1
1507 5043 1557 5091 p.
1597 5029 1714 5086 209,
1752 5029 1816 5076 20
1852 5026 1932 5075 ed.
1967 5027 2178 5084 Lentz.)

2301 5029 2427 5088 πᾶς
2462 5027 2617 5078 πάσα
2652 5027 2766 5078 πᾶν
2800 5025 3003 5089 omnis,
3038 5025 3355 5089 universus,
3389 5028 3550 5089 totus,
3590 5028 3737 5079 adie-

743 5091 1070 5157 πάροιθεν
1105 5101 1188 5154 et,
1235 5094 1328 5144 ubi
1363 5099 1585 5144 metrum
1622 5091 1889 5159 postulat,
1931 5092 2179 5159 πάροιθε,
2231 5097 2376 5146 ctive
2410 5094 2498 5144 vel
2535 5094 2875 5145 substantive
2915 5095 3126 5144 dicitur.

678 5162 1002 5211 vocabulum
1056 5163 1317 5224 μονῆρες,
1374 5161 1439 5210 de
1488 5176 1591 5226 quo
1638 5177 1689 5213 v.
1726 5161 2018 5211 Herodian.
2053 5162 2180 5225 περὶ

675 5242 796 5290 μον.
834 5227 943 5279 λέξ.
981 5245 1029 5293 p.
1066 5231 1150 5291 46,
1186 5231 1265 5278 27.
1338 5227 1623 5292 Significat
1653 5226 1828 5292 prius,
1900 5228 2044 5278 Pers.
2071 5231 2180 5285 180

2303 5167 2345 5213 1.
2374 5162 2658 5213 Adiective
2685 5162 2904 5224 dietum,
2942 5163 3058 5213 sine
3085 5162 3333 5222 articulo,
3368 5160 3558 5226 omnis,
3590 5162 3734 5228 quis-

2232 5243 2348 5295 que.
2417 5231 2506 5283 Pr.
2564 5232 2654 5279 111
2703 5227 3028 5289 διδάσκαλος
3081 5228 3282 5292 τέχνης
3330 5229 3527 5293 πάσης.
3607 5235 3735 5283 1033

673 5300 774 5358 τῆς
821 5294 1088 5358 πάροιθεν
1142 5294 1441 5360 εὐφρόνης.
1527 5298 1624 5347 471
1662 5294 1882 5347 τοιάνδε
1918 5308 2005 5347 σοι
2041 5297 2180 5360 πρός
2233 5301 2347 5348 πᾶν
2391 5297 2525 5357 ἔπος
2569 5295 2736 5351 τελεῖ.
2815 5296 2958 5361 Sept.
3010 5299 3102 5348 117
3140 5295 3186 5346 ὦ
3221 5295 3334 5347 Ζεῦ
3372 5295 3576 5362 πάτερ,
3620 5300 3735 5349 πᾶν

672 5367 743 5428 τῇ
782 5362 1011 5426 πάροιθε
1050 5362 1346 5427 συμφοράν
1382 5362 1598 5415 στένειν
1633 5362 1798 5426 πάρα.
1870 5364 1968 5414 608
1993 5363 2179 5428 χλιδῆς
2230 5364 2393 5426 τέλος
2438 5361 2501 5426 ὃς
2545 5363 2747 5425 νέμεις.
2795 5362 3017 5428 ἄρηξον.
3091 5363 3180 5413 Sic
3227 5367 3438 5415 correxi
3475 5366 3612 5430 quod
3651 5374 3735 5418 est

669 5445 733 5482 τε
786 5435 887 5494 τῆς
941 5429 1224 5492 πάροιθεν.
1296 5433 1394 5495 Ag.
1446 5433 1539 5481 168
1592 5429 1747 5492 ὅστις
1792 5427 2061 5492 πάροιθεν
2109 5431 2180 5494 ἠν
2232 5434 2287 5482 ἰιι
2323 5432 2377 5481 Μ
2428 5429 2475 5482 ὠ
2518 5429 2630 5482 Ζεῦ
2682 5429 2859 5495 πάτερ
2912 5432 3186 5492 παντελὲς
3238 5430 3467 5492 πάντως
3512 5432 3732 5495 ἄρηξον.

674 5498 859 5560 μέγας.
936 5502 1065 5549 1372
1101 5500 1336 5548 πολλῶν
1388 5496 1655 5560 πάροιθεν
1704 5493 1927 5562 καιρίως
1965 5496 2177 5563 είρημέ-
2232 5499 2494 5550 Similiter
2530 5503 2626 5563 Ag.
2666 5501 2759 5549 781
2800 5501 2914 5550 πᾶν
2950 5497 3093 5549 δ’ἐπί
3129 5499 3304 5562 τέρμα
3341 5503 3517 5564 νωμᾷ.
3588 5500 3732 5565 Sept.

671 5580 806 5617 νων.
861 5566 992 5615 Cum
1017 5566 1254 5630 genitivo
1282 5566 1367 5614 Pr.
1394 5568 1492 5616 503
1518 5564 1727 5629 χρυσόν
1751 5579 1814 5615 τε
1833 5564 1915 5626 τίς
1943 5565 2179 5630 φήσειεν
2232 5571 2323 5618 301
2375 5566 2546 5618 παντί
2589 5565 2805 5631 τρόπῳ.
2875 5568 3022 5617 Pers.
3062 5569 3160 5618 378
3205 5568 3314 5626 πᾶς
3359 5565 3501 5631 ἀνὴρ
3537 5566 3736 5631 κώπης

668 5632 737 5683 ἂν
775 5632 1041 5696 πάροιθεν
1078 5633 1318 5697 ἐξευρεῖν
1354 5631 1516 5695 ἑμοῦ;
1580 5638 1666 5694 et,
1703 5634 1794 5683 nbi
1829 5634 1960 5683 ante
2010 5633 2179 5695 signi·
2231 5633 2367 5685 ἄναξ
2411 5632 2466 5695 ἐς
2510 5635 2652 5684 ναῦν
2694 5632 2892 5698 ἐχώρει
2937 5635 3045 5694 πᾶς
3089 5634 3142 5685 θ’
3177 5634 3376 5686 ὅπλων
3416 5632 3734 5698 ἐπιστάτης.

668 5700 800 5751 fleat
845 5701 939 5751 Ch.
985 5705 1087 5752 390
1133 5698 1402 5765 πάροιθεν
1446 5699 1506 5751 δέ
1551 5699 1780 5765 πρῴρας
1820 5699 2009 5765 δριμὺς
2051 5697 2181 5765 ἦται
2232 5704 2331 5753 422
2367 5704 2521 5754 πᾶσα
2556 5701 2690 5762 ναῦς
2726 5700 3024 5766 ἠρέσσετο.
3092 5702 3192 5767 Ag.
3219 5705 3316 5753 387
3354 5700 3493 5763 ἄκος
3528 5700 3588 5752 δὲ
3623 5704 3737 5751 πᾶν

669 5766 891 5842 καρδίας
927 5768 1116 5832 θυμός.

2231 5766 2482 5831 μάταιον.
2551 5768 2644 5820 Sic
2690 5770 3041 5836 Musgravius
3093 5772 3332 5821 correxit
3376 5786 3479 5836 pro
3524 5767 3738 5830 παμμά·

3230 5853 3332 5915 ιε*
