4300 6317
422 2315 490 2335 ‹„-
584 2266 676 2316 ὅδε
732 2266 1008 2331 τέτρωται
1067 2268 1295 2319 δικτύου
1349 2267 1508 2318 πλέω
1555 2267 1755 2332 λέγειν.

574 1119 1044 1182 περισπωμένως,
1103 1119 1294 1184 ἐπειδὴ
1350 1120 1438 1170 καὶ
1483 1118 1597 1171 ὑπὸ
1641 1123 1760 1170 τῶν
1795 1118 2085 1184 ἐγχωρίων

1780 965 1996 1019 πλείων
2041 993 2163 1002 —
2199 966 2414 1031 πλῆθος

3525 960 3644 1025 291

2207 1118 2469 1183 πλεκτὴ
2504 1115 2677 1183 spira.
2724 1117 2820 1167 Ch.
2845 1121 2944 1169 248
2969 1118 3244 1178 θανόντος
3269 1116 3331 1168 έν
3356 1120 3649 1170 πλεκταῖσι

576 1185 796 1247 λέγεται
829 1187 1104 1248 Πλειστός
1140 1187 1445 1248 ὀξυτόνως·
1483 1187 1601 1239 ἐστι
1637 1187 1697 1238 δέ
1732 1188 1986 1248 ποταμὸς
2023 1186 2085 1238 ἐν
2141 1186 2230 1237 καί
2267 1185 2638 1250 σπειράμασιν
2673 1186 2856 1248 δεινῆς
2891 1183 3125 1250 ἐχίδνης.

575 1254 838 1381 ἓελφοῖς.
886 1255 1226 1320 Ἡρωδιανὸς
1250 1255 1310 1306 δὲ
1345 1254 1411 1307 έν
1433 1256 1504 1319 τῇ
1543 1256 1785 1307 καθόλου
1810 1255 2084 1315 Πλεῖστος

610 1336 641 1371 α
680 1336 814 1372 υνει.

643 1335 948 1440 ξτλείων
999 1388 1252 1455 amplior.
1338 1392 1604 1443 Adiectivi
1658 1389 1834 1449 πολύς
1887 1389 2086 1453 gradus

577 1460 977 1521 comparativus
1009 1467 1095 1509 est
1129 1456 1343 1510 πλείων
1370 1466 1426 1508 et
1449 1473 1641 1523 genere
1665 1469 1856 1508 neutro
1892 1457 2083 1508 πλέον.

578 1525 748 1574 Attici
801 1528 905 1575 etsi
959 1528 1278 1591 saepissime
1322 1525 1499 1578 πλέον
1543 1542 1641 1591 pro
1689 1527 1887 1578 πλεῖον
1940 1525 2087 1575 dixe-

579 1601 704 1642 runt
741 1609 842 1643 nec
878 1610 1002 1644 raro
1039 1595 1278 1644 vocalem
1323 1594 1614 1658 simplicem
1653 1595 1709 1643 in
1745 1594 1962 1643 casibus
1998 1592 2087 1641 ad-

579 1663 841 1711 miserunt
883 1662 1185 1725 trisyllabis
1230 1660 1470 1722 πλέονος
1524 1660 1720 1713 πλέονι
1770 1669 1824 1710 et
1870 1661 2084 1718 ceteriS,

581 1730 634 1775 in
663 1730 998 1778 nominativo
1023 1735 1207 1780 tamen
1232 1727 1444 1779 πλείων
1480 1735 1533 1778 et
1567 1729 1755 1779 formis
1792 1728 2090 1777 contractis

581 1793 755 1846 πλείω
781 1803 833 1844 et
853 1795 1077 1857 πλείους
1103 1793 1497 1862 diphthongum
1516 1796 1919 1861 praetulerunt:
1946 1796 2090 1861 quod

581 1869 728 1910 recte
780 1864 1091 1913 observanti
1143 1864 1388 1929 Reisigio
1436 1865 1590 1915 Coni.
1634 1865 1692 1914 in
1726 1864 1999 1925 Aristoph.
2036 1880 2087 1928 p.

580 1933 644 1978 43
671 1945 776 1978 non
801 1930 1031 1981 debebat
1057 1947 1354 1998 repugnare
1379 1930 1568 1982 Elmsl.
1592 1932 1662 1981 ad
1688 1931 1816 1981 Eur.
1841 1931 1979 1981 Med.
2005 1932 2088 1981 88.

583 1998 717 2045 Nam
754 2000 892 2061 quod
930 2000 1125 2062 tragici
1161 1999 1428 2049 interdum
1463 1997 1654 2049 πλέων
1688 1997 1847 2050 πλέω
1884 1997 2092 2059 πλέους

580 2063 964 2129 dixisse'vulgo
990 2067 1303 2128 creduntur,
1343 2068 1540 2132 partim
1565 2068 1872 2116 criticorum
1897 2068 2093 2116 nititur

580 2132 867 2195 erroribus,
903 2135 1099 2197 partim
1123 2135 1324 2183 vitiosa
1358 2135 1628 2198 scriptura
1651 2134 1927 2184 librorum.
2001 2135 2092 2183 Sic

584 2206 662 2246 ter
696 2207 976 2263 peccatum
1017 2201 1158 2266 aqud
1183 2200 1512 2263 Aeschylum
1549 2209 1650 2263 est,
1685 2206 1786 2266 Ag.
1812 2203 1911 2252 868
1947 2198 2090 2264 ἀνὴρ

1848 2271 1978 2319 1068
2023 2267 2091 2319 ού

585 2334 693 2396 μὴν
719 2334 875 2386 πλέω
912 2333 1104 2399 ρίψασ·
1128 2334 1592 2400 ἀτιμασθήσομαι.
1669 2339 1797 2386 1299
1834 2333 1937 2387 οὐκ
1972 2334 2092 2386 ἔστ’

584 2401 785 2464 ἄλυξις,
824 2400 872 2451 ὦ
909 2404 1010 2462 (sic
1050 2404 1402 2453 Casaubonus
1437 2420 1534 2468 pro
1572 2401 1868 2466 ούΓέέῖοι,
1902 2403 2091 2470 χρόνῳ

584 2470 767 2520 πλέω.
808 2472 1005 2534 quibus
1040 2469 1174 2521 locis
1200 2472 1444 2521 omnibus
1481 2471 1658 2523 πλέον
1693 2472 2091 2522 restituendum

583 2537 946 2615 essessvidetur.
992 2539 1216 2612 {leliqua
1247 2539 1499 2603 Aeschyli
1525 2539 1767 2604 exempla
1786 2539 1922 2618 hace
1940 2544 2091 2590 sunt:

586 2603 1124 2736 θ’ἳΓ-εῶῒάέἔὲξῖἰῖζῑ.
1175 2607 1424 2727 {223¹}ss
1434 2606 2094 2740 1⁰51022.0?5.„32‘:.‘3'3202

586 2740 618 2800 ᾖ
655 2739 724 2789 τὸ
762 2739 1044 2803 Μηδικόν,
1090 2742 1196 2791 nisi
1235 2743 1430 2791 πλεῖον
1467 2742 1500 2806 ᾖ
1550 2758 1616 2793 ex
1663 2743 1986 2802 glossemate
2032 2740 2093 2790 il·

588 2808 755 2857 latum
793 2815 875 2857 est
911 2824 1006 2872 pro
1033 2807 1290 2871 πληθύοι,
1329 2810 1395 2859 de
1432 2825 1537 2873 quo
1573 2807 1683 2859 dixi
1719 2811 1774 2858 in
1800 2810 1979 2861 Praes.
2015 2809 2094 2858 ed.

587 2876 735 2939 Lips.
773 2878 996 2940 quintae
1032 2893 1083 2941 p.
1112 2876 1307 2926 LXIX.
1381 2875 1469 2926 Pr.
1496 2881 1594 2928 843
1629 2876 1883 2940 δέρκεται
1917 2876 2094 2928 πλέον

583 2957 636 2991 τι
689 2945 791 2992 τοῦ
844 2945 1223 3006 πεφασμένου.
1293 2943 1439 3010 Sept.
1492 2948 1587 2996 190
1633 2943 1771 3009 οἴκῳ
1810 2944 1900 2995 καί
1934 2944 2095 2996 πόλει

586 3008 760 3059 πλέον
805 3013 997 3063 κακόν.
1068 3013 1220 3062 Pers.
1268 3013 1360 3062 631
1412 3010 1462 3063 εί
1504 3010 1611 3075 γάρ
1645 3025 1700 3061 τι
1736 3015 1924 3064 κακῶν
1962 3012 2096 3072 ἄκος

586 3076 703 3126 οἶδε
742 3079 934 3130 πλέον.
1009 3082 1135 3129 1032
1181 3079 1271 3130 καὶ
1317 3079 1494 3131 πλέον
1538 3079 1573 3142 ἢ
1624 3083 1804 3130 παπαῖ
1840 3078 1940 3142 μέν
1975 3077 2092 3130 οὖν.

590 3147 687 3207 Ag.
739 3149 836 3194 292
891 3148 944 3195 in
998 3162 1156 3196 versu
1205 3146 1611 3210 interpolatoris
1655 3147 1831 3198 πλέον
1882 3144 2094 3198 κάουσα

589 3214 709 3260 τῶν
755 3210 1089 3277 εἰρημένων.
1168 3219 1266 3265 533
1315 3213 1594 3278 ἐξεύχεται
1647 3214 1716 3265 τὸ
1768 3214 1948 3277 δρᾶμα
1990 3217 2092 3265 τοῦ

589 3278 799 3340 πάθους
855 3280 1047 3331 πλέον.
1122 3283 1220 3331 558
1269 3281 1446 3332 πλέον
1482 3282 1704 3344 στύγος.
1776 3286 1902 3332 1027
1941 3281 2092 3345 εἶργε

591 3348 660 3408 μὴ
710 3348 887 3399 πλέον
932 3349 1139 3410 φέρειν.
1212 3346 1306 3398 Ch.
1345 3351 1411 3399 60
1456 3349 1524 3400 τὸ
1561 3350 1610 3399 δ’
1645 3348 1929 3412 εὐτυχεῖν,
1978 3349 2096 3400 τόδ’

590 3413 651 3462 ἐν
690 3416 907 3478 βροτοῖς
951 3416 1078 3476 θεός
1123 3429 1187 3466 τε
1233 3416 1323 3467 καί
1368 3418 1500 3467 θεοῦ
1548 3417 1737 3467 πλέον.
1811 3418 1960 3467 Eum.
1999 3421 2090 3467 621

589 3481 753 3544 ὅρκος
785 3483 889 3546 γὰρ
933 3483 1055 3533 οὔτι
1096 3481 1281 3545 Ζηνὸς
1329 3481 1505 3547 ἰσχύει
1552 3484 1743 3536 πλέον.
1795 3482 1816 3550 fl
1863 3483 2098 3537 πλείονα

587 3547 770 3613 plura.
841 3553 881 3599 A
927 3592 936 3601 .
965 3553 1066 3601 759
1088 3549 1158 3599 τό
1183 3550 1444 3611 δυσσεβὲς
1479 3551 1586 3615 γάρ
1621 3551 1786 3617 ἔργον
1823 3547 2098 3615 nmio

591 3616 825 3667 πλείονα
858 3633 892 3668 τ
919 3631 1049 3672 κτει.
1097 3619 1194 3668 894
1215 3616 1364 3681 πάθη
1390 3618 1584 3682 ὁρῶσα
1621 3617 1800 3670 πλείω
1837 3622 1940 3672 τοῦ
1977 3622 2097 3672 ξυν-

590 3684 854 3744 εύδοντος
873 3685 1094 3748 χρόνου.
1134 3687 1265 3735 Cum
1292 3686 1526 3736 articulo
1547 3686 1618 3738 τὰ
1636 3685 1830 3738 πλείω.
1876 3688 2099 3752 Sept.:33

589 3754 776 3812 καλῶς
813 3754 881 3802 τὰ
906 3751 1084 3804 πλείω
1119 3753 1363 3815 πόλεμος
1399 3752 1460 3804 ἐκ
1497 3755 1647 3804 θεῶν
1685 3757 1854 3818 κυρεῖ.
1882 3753 1904 3819 ΙΙ
1929 3755 2101 3806 πλέον

590 3820 977 3871 adverbialiter
1009 3819 1200 3885 Μαρία.
1272 3822 1360 3871 Pr.
1395 3826 1453 3870 41
1497 3820 1565 3872 οὐ
1601 3823 1773 3872 τοῦτο
1808 3809 2100 3886 benum

593 3887 799 3948 πλέον,
852 3891 951 3938 476
997 3885 1267 3950 θαυμάσει
1320 3888 1513 3941 πλέον.
1584 3891 1684 3954 Ag.
1722 3892 1820 3940 885
1867 3890 1971 3941 τόν
2005 3905 2098 3941 πε-

595 3955 771 4005 σόντα
827 3954 1080 4006 λακτίσαι
1134 3955 1325 4007 πλέον.
1417 3959 1545 4008 1188
1599 3956 1678 4017 ὡς
1729 3956 2099 4020 θρασύνεσθαι

595 4023 784 4075 πλέον.
861 4028 988 4074 1205
1014 4021 1309 4087 ἁβρύνεται
1332 4022 1439 4086 γὰρ
1466 4026 1573 4085 πᾶς
1608 4038 1689 4085 τις
1728 4023 1790 4075 εὖ
1827 4025 2101 4088 πράσσων

592 4089 787 4144 πλέον.
862 4093 958 4143 (Ίι.
997 4095 1094 4141 902
1138 4090 1390 4152 ἅπαντας
1436 4090 1665 4156 ἐχθροὺς
1698 4093 1821 4143 τῶν
1855 4094 2007 4144 θεῶν
2040 4093 2100 4156 ἡ·

592 4161 697 4220 γοῡ
735 4157 927 4209 πλέον.
1003 4160 1154 4209 Eum.
1197 4161 1291 4209 163
1326 4161 1663 4223 κρατοῦντες
1697 4159 1766 4210 τὸ
1802 4162 1916 4210 πᾶν
1950 4160 2103 4222 δίκας

592 4224 785 4277 πλέον.
845 4225 984 4291 quod
1036 4225 1177 4288 πέρα
1222 4223 1375 4290 δίκης
1419 4227 1556 4276 dixit
1608 4228 1782 4277 Prom.
1819 4232 1912 4289 30,
1958 4230 2099 4279 unde

594 4295 682 4343 hic
719 4307 933 4359 quoque
968 4293 1122 4354 δίκας
1156 4293 1299 4357 πέρα
1343 4296 1578 4344 coniecit
1615 4295 2014 4346 lleimsoethius
2050 4312 2100 4361 p.

596 4367 716 4423 103,
772 4362 967 4412 collato
1019 4361 1299 4423 Hesyvhio
1345 4364 1437 4426 qui
1481 4360 1623 4425 πέρα
1671 4378 1765 4427 per
1803 4363 1976 4413 πλέον
2013 4381 2100 4413 ex·

595 4431 781 4494 plicat.
827 4429 1009 4494 Suppl.
1035 4431 1133 4478 289
1154 4428 1418 4491 διδαχθείς
1444 4429 1512 4479 ἂν
1534 4429 1654 4480 τόδ’
1678 4427 1881 4495 εἰδείην
1906 4430 2100 4485 πλέον.

599 4501 726 4547 1013
783 4495 851 4548 τὸ
912 4500 1235 4560 σωφρονεῖν
1291 4500 1508 4559 τιμῶσα
1565 4499 1668 4549 τοῦ
1727 4495 1849 4560 βίου
1909 4498 2099 4550 πλέον.

597 4568 750 4614 Eum.
787 4566 885 4613 226
922 4564 991 4614 σὺ
1027 4565 1077 4614 δ’
1111 4561 1213 4615 οὖν
1256 4564 1423 4615 δίωκε
1461 4565 1550 4615 καί
1596 4565 1779 4617 πόνον
1813 4565 1990 4618 πλέον
2023 4564 2099 4617 τί·

593 4634 716 4693 θου,
743 4632 833 4681 ubi
852 4630 1089 4683 Auratus
1111 4631 1267 4683 πλέω
1289 4633 1537 4690 coniecit,
1567 4635 1705 4698 quod
1729 4631 1907 4684 πλείω
1927 4634 2102 4685 dicen-

594 4702 718 4750 dum
773 4700 991 4749 fuisset.
1070 4700 1478 4752 lieimsocthius
1532 4701 1618 4750 hic
1678 4716 1890 4766 qnoque
1943 4701 2101 4765 πέρα.

594 4768 849 4817 Fortasse
906 4766 1087 4817 πόνου
1141 4767 1500 4821 scribendum.
1567 4768 1649 4818 De
1693 4769 1869 4821 πλέον
1931 4771 2102 4819 tribus

594 4835 838 4884 versibus
858 4837 1273 4899 Agamemnonis
1299 4836 1631 4886 restituendo
1657 4853 1706 4886 ν.
1729 4852 1770 4884 s.
1792 4853 1840 4890 V,
1871 4833 2103 4888 πλείων.

664 4901 1073 4953 πλεκτανάω
1119 4903 1207 4953 vel
1252 4902 1586 4954 πλεκτανόω
1622 4901 1804 4954 instar
1836 4902 2105 4956 cirrum-m

596 4967 831 5034 implico,
903 4969 997 5021 Ch.
1031 4972 1157 5021 1049
1182 4971 1708 5034 πεπλεκτανημέναι
1730 4976 1961 5033 πυκνοῖς
1978 4972 2103 5038 δρά·

596 5050 806 5092 κουσιν.
877 5038 1215 5088 l'robabilior
1275 5039 1444 5087 forma
1502 5045 1587 5089 est
1640 5039 1708 5088 ab
1772 5039 2106 5091 Schneidero

595 5107 854 5156 restituta
880 5106 1437 5168 πεπλεκτανωμέναι,
1475 5121 1614 5170 quae
1637 5105 1838 5171 legitur
1859 5123 1945 5171 ap.
1973 5109 2107 5174 nip-

597 5189 740 5238 pocr.
788 5190 837 5238 p.
873 5176 997 5231 279,
1047 5175 1158 5227 118.
1229 5173 1348 5224 ἔστι
1392 5172 1453 5226 δέ
1498 5173 1826 5239 πολύρριζος
1872 5174 1959 5226 διὰ
2002 5177 2107 5228 τοῦ

595 5243 812 5305 ἥπατος
848 5240 1382 5304 πεπλεκτανωμένη.

667 5308 1011 5371 πλεκτάνη
1059 5307 1230 5373 spira.
1301 5309 1452 5373 Sept.
1499 5311 1599 5359 495
1644 5307 1841 5373 ὄφεων
1885 5309 1945 5361 δέ
1981 5309 2109 5361 πλε-

599 5375 846 5427 κτάναισι
865 5373 1197 5440 περίδρομον
1218 5374 1382 5436 κύτος
1403 5374 1868 5441 προσηδάφισται.
1892 5375 1900 5440 Ι
1937 5374 2109 5442 sipha.

598 5446 689 5497 Fr.
726 5447 841 5506 280,
878 5449 908 5494 3
948 5441 1076 5503 μίαν
1113 5441 1377 5507 παρείρας
1403 5442 1723 5508 πλεκτάνην
1758 5458 1878 5507 χειμ
1921 5459 2109 5509 ρροον,

598 5528 756 5576 quam
790 5511 1115 5561 locutionem
1140 5516 1194 5561 et
1232 5511 1343 5559 alia
1377 5512 1433 5560 in
1469 5510 1572 5561 hoc
1607 5513 1915 5575 fragmento
1953 5518 2108 5564 notat

601 5580 881 5642 Longinus
933 5579 997 5628 de
1055 5578 1190 5629 subl.
1240 5583 1297 5639 3,
1355 5581 1375 5627 1
1417 5578 1593 5629 verbis
1638 5577 1705 5630 οὺ
1759 5579 1992 5644 τραγικὰ
2028 5579 2109 5632 ἔτι

563 5690 568 5694 .
598 5650 805 5707 ταῦτα,
831 5646 974 5696 άλλά
1000 5645 1413 5710 παρατράγῳδα
1447 5673 1512 5681 -
1547 5644 1861 5698 τεθόλωται
1896 5647 2002 5714 γάρ
2037 5651 2108 5712 τῇ

597 5713 802 5778 φράσει
839 5715 926 5764 καὶ
965 5713 1331 5779 τεθορύβηται
1366 5717 1488 5775 ταῖς
1524 5713 1856 5777 φαντασίαις
1893 5717 2107 5778 μᾶλλον

599 5785 630 5844 ἡ
670 5780 1009 5833 δεδείνωται.

2208 1254 2505 1315 πλεκτός
2558 1251 2782 1306 textilis.
2868 1253 2956 1305 Pr.
3005 1256 3104 1303 709
3151 1252 3393 1311 πλεκτὰς
3449 1252 3650 1314 στέγας

2140 1321 2430 1386 πεδάρσιοι
2468 1320 2702 1374 ναίουσι.
2776 1321 2923 1372 Pers.
2959 1322 3057 1371 610
3094 1320 3233 1383 ἄνθη
3269 1335 3333 1370 τε
3371 1321 3597 1371 πλεκτά.

2209 1388 2436 1441 πλέκω
2490 1391 2655 1441 necto.
2727 1390 3022 1454 improprie
3075 1388 3136 1437 de
3181 1387 3319 1438 dolis
3367 1389 3650 1438 nectendis

2141 1457 2238 1507 Ch.
2276 1460 2376 1507 220
2427 1455 2551 1509 ἀλλ’
2594 1455 2629 1519 ἦ
2675 1455 2844 1507 δόλον
2890 1456 3022 1518 τιν’,
3078 1454 3126 1505 d»
3163 1455 3299 1518 ξέν’,
3354 1454 3494 1519 ἀμφ’
3529 1453 3651 1517 ἐμοὶ

2141 1524 2391 1585 πλέκεις,
2473 1525 2559 1574 Fr.
2614 1527 2710 1575 312
2763 1523 2935 1575 δεινοὶ
2986 1523 3213 1575 πλέκειν
3266 1538 3352 1572 τοι
3406 1523 3654 1585 μηχανάς

2141 1590 2447 1653 Αἰγύπτιοι.
2518 1592 2802 1642 Passivum
2839 1591 2993 1643 Eum.
3018 1595 3116 1641 259
3141 1592 3267 1656 περὶ
3305 1591 3484 1654 βρέτει
3521 1593 3651 1643 πλε·

2141 1659 2293 1722 χθείς
2329 1660 2460 1719 θεᾶς
2482 1657 2781 1722 ἀμβρότου.
2819 1660 2853 1708 i.
2894 1679 2939 1708 e.
2975 1659 3322 1710 simulacrum
3357 1659 3653 1722 amplexus.
3732 1701 3737 1706 .
3790 1735 3795 1742 Ι

2141 1726 2252 1791 [Fr.
2277 1730 2376 1779 208
2412 1727 2826 1792 πεπλεγμένην,
2862 1728 2960 1778 ubi
2993 1727 3294 1791 Schweigh.
3334 1728 3629 1790 πεπληγμέ

2143 1809 2251 1859 νην
2286 1791 2578 1859 restituit]

2212 1861 2405 1913 πλεύ
2428 1876 2662 1928 μονες
2706 1859 3010 1926 pulmones.
3099 1861 3248 1927 Sept.
3298 1865 3357 1911 61
3409 1859 3654 1913 ἱππικῶν

2145 1929 2207 1981 ἐκ
2234 1929 2595 1993 πλευμόνων,
2620 1930 2711 1980 ubi
2736 1932 2794 1979 in
2818 1929 3149 1995 apographis
3176 1930 3449 1994 plerisque
3490 1945 3652 1981 πνευ-

2146 1997 2357 2061 μόνων,
2394 2013 2526 2064 quas
2556 1997 2752 2049 formas
2788 1999 3124 2062 grammatici
3161 2004 3310 2047 recte
3348 1999 3427 2047 sic
3464 1998 3653 2048 distin—

2149 2071 2322 2130 guunt
2355 2070 2416 2117 ut
2451 2064 2721 2128 πλεύμων
2756 2066 2996 2126 Atticae,
3035 2064 3323 2124 πνεύμων.
3363 2065 3503 2129 quod
3541 2082 3653 2116 sae-

2147 2133 2365 2195 pissime
2402 2134 2709 2183 intulerunt
2744 2132 2983 2194 librarii,
3026 2133 3243 2195 vulgari
3288 2132 3522 2182 dialecto
3559 2137 3653 2183 tri-

2146 2201 2360 2260 buatur,
2400 2201 2467 2250 de
2504 2214 2609 2264 quo
2646 2199 2756 2250 dixi
2793 2203 2851 2249 in
2875 2199 3035 2254 Thes.
3062 2202 3169 2253 vol.
3197 2205 3227 2251 6
3264 2218 3313 2265 p.
3342 2204 3488 2252 1261.
3527 2201 3653 2251 -Ch.

2147 2271 2246 2319 639
2281 2267 2350 2318 τὸ
2387 2267 2436 2319 δ’
2470 2266 2594 2330 ἄγχι
2632 2266 2972 2338 πλευμόνων
3017 2266 3175 2332 ξίφος
3212 2265 3499 2319 διανταίαν
3534 2267 3655 2320 ὀξυ-

2146 2333 2350 2396 πευκὲς
2384 2332 2543 2400 οὐτᾷ.
2704 2333 2711 2340 “

2216 2399 2479 2466 πλευρά
2514 2399 2679 2454 latus.
2750 2403 2836 2452 Pr.
2875 2405 2934 2452 71
2973 2401 3117 2464 ἀμφὶ
3154 2404 3417 2466 πλευραῖς
3453 2417 3656 2466 μασχα·

2148 2470 2412 2534 λιστῆρας
2448 2468 2598 2532 βάλε.
2671 2469 2827 2520 Eum.
2864 2473 2962 2521 842
3000 2474 3100 2520 875
3146 2469 3228 2530 τίς
3269 2471 3322 2530 μ’
3355 2470 3655 2522 ὑποδύεται

2148 2538 2393 2603 πλευρὰς
2426 2536 2624 2597 ὀδύνας
2650 2535 2671 2602 u
2696 2537 2937 2589 Alterius
2971 2537 3170 2588 formae
3209 2538 3456 2603 πλευρόν
3496 2556 3655 2589 unum

2149 2613 2238 2656 est
2275 2605 2420 2671 apud
2465 2605 2786 2669 Aeschylum
2831 2604 3126 2671 exemplum
3172 2606 3236 2654 fr.
3273 2609 3371 2655 208
3408 2605 3656 2670 μέσακτα

2149 2672 2364 2736 πλευρά
2400 2671 2682 2736 (ὄρνιθος).

2217 2740 2675 2804 πλευρώματα
2693 2737 2883 2795 latera.
2932 2741 3185 2806 Sept.89o
3206 2741 3657 2807 ὁμοσπλάγχνων

2148 2822 2214 2859 τε
2249 2809 2691 2873 πλευρωμάτων.
2762 2808 2843 2859 De
2889 2808 3153 2860 lateribus
3189 2808 3382 2860 lebetis
3428 2811 3521 2859 Ch.
3559 2814 3656 2861 686

2149 2874 2381 2940 λέβητος
2416 2876 2655 2939 χαλκέου
2691 2874 3083 2939 πλευρώματα.
3157 2877 3421 2927 Similiter
3457 2880 3655 2928 Arche-

2151 2951 2358 2995 stratus
2397 2959 2483 3008 ap.
2522 2944 2714 2993 Athen.
2752 2947 2781 2994 7
2821 2960 2870 3009 p.
2910 2944 3060 2994 31οά
3096 2942 3237 2995 ὄσσα
3275 2945 3321 2994 δ’
3365 2944 3434 2994 ἂν
3471 2946 3532 2995 έν
3568 2947 3657 2996 λο-

2150 3010 2326 3073 πάδος
2351 3010 2539 3075 κοίλης
2564 3012 2964 3075 πλευρώμασιν
2988 3009 3142 3075 ἕψῃς.
3197 3011 3331 3061 Nam
3360 3014 3439 3064 sic
3467 3014 3653 3063 Iacob-

2149 3082 2264 3130 sius
2301 3080 2537 3130 correxit
2573 3095 2669 3143 pro
2705 3077 3095 3143 πληρώμασιν.

2217 3146 2342 3199 πλέ
2361 3161 2408 3196 ω
2436 3145 2651 3212 naviyo.
2698 3146 2847 3196 Pers.
2868 3150 2964 3196 331
2993 3144 3225 3197 πλέουσι
3254 3147 3302 3195 δ’
3323 3146 3398 3206 ὡς
3425 3147 3658 3210 ἕκαστος

2149 3213 2223 3276 ἦν
2248 3213 2526 3277 τεταγμέν
2676 3218 2772 3276 Ag.
2797 3215 2894 3264 691
2921 3213 3157 3264 ἔπλευσε
3184 3213 3446 3278 Ζεφύρου
3474 3217 3658 3277 γίγαν-

2150 3296 2246 3343 τος
2282 3279 2442 3348 αὔρᾳ.
2515 3227 2835 3399 {Ponam
2881 3280 2987 3345 οὐχ
3040 3280 3187 3330 ἑκὼν
3231 3283 3401 3333 ἔπλει.
3473 3285 3659 3349 suppl.

2151 3353 2250 3400 744
2284 3348 2534 3400 ἔπλευσα
2604 3346 2705 3399 ὧδ’
2739 3346 2987 3410 ἐπιτυχεῖ
3024 3348 3195 3412 κότῳ.
3234 3343 3505 3404 Cho-824

2220 3417 2446 3477 πλέως
2481 3415 2718 3480 (casibus
2755 3415 2978 3481 reliquis
3013 3418 3211 3480 partim
3249 3418 3316 3466 ab
3351 3417 3451 3467 hac
3487 3418 3660 3469 forma

2152 3489 2345 3550 partim
2382 3486 2450 3534 ab
2489 3484 2822 3533 nominativo
2868 3500 2973 3533 non
3012 3485 3215 3534 usitato
3253 3484 3417 3544 πλέος
3452 3488 3661 3546 sumtis,

2156 3557 2215 3602 ut
2238 3551 2483 3616 exempla
2509 3551 2647 3600 infra
2671 3551 2943 3600 afferenda
2976 3558 3030 3599 et
3064 3550 3173 3600 alia
3211 3554 3265 3601 in
3304 3553 3459 3601 Thes.
3499 3554 3606 3603 vol.
3631 3557 3661 3602 6

2158 3638 2208 3685 ρ,
2249 3622 2375 3670 1191
2414 3618 2583 3668 allata
2619 3617 2839 3682 docent)
2867 3615 3085 3683 plenus.
3159 3620 3248 3668 Pr.
3272 3623 3337 3668 42
3374 3618 3456 3670 ἀεί
3494 3634 3556 3680 γε
3592 3622 3660 3684 δὴ

2153 3687 2328 3751 νηλὴς
2362 3685 2434 3737 σὺ
2470 3687 2559 3735 καὶ
2605 3684 2845 3749 θράσους
2892 3685 3095 3745 πλέως.
3164 3690 3263 3737 953
3300 3687 3663 3749 φρονήματος

2156 3755 2344 3815 πλέως
2389 3753 2423 3804 ό
2468 3753 2640 3817 μῦθός
2687 3753 2856 3804 ἐστιν.
2930 3756 3027 3803 696
3065 3753 3244 3817 φόβου
3292 3755 3436 3805 πλέα
3471 3768 3555 3815 τις
3593 3754 3660 3807 εἶ.

2156 3823 2302 3888 Sept.
2327 3824 2426 3872 603
2451 3821 2708 3872 ναύταισι
2732 3823 2955 3884 θερμοῖς
2980 3821 3068 3872 καί
3093 3820 3432 3885 πανουργίας
3460 3822 3659 3888 πλέῳς.

2156 3891 2245 3941 Sic
2311 3891 2519 3939 correxi
2579 3889 2719 3954 quod
2777 3894 2862 3938 est
2917 3891 2973 3938 in
3035 3889 3084 3936 M
3147 3889 3476 3952 πανουργίαι
3539 3889 3661 3941 τινί.

2156 3959 2502 4009 Nominativo
2556 3956 2715 4021 πλέῳ
2768 3957 2857 4006 usi
2910 3963 3035 4007 sunt
3069 3955 3364 4020 Sophocles
3408 3967 3462 4006 et
3510 3959 3662 4008 Euri-

2156 4025 2332 4090 pides,
2380 4025 2623 4074 dativum
2666 4023 2856 4087 πλέως
2908 4040 3003 4088 pro
3041 4024 3225 4084 πλέως
3264 4023 3488 4075 Cratino
3524 4027 3663 4091 apud

2157 4092 2352 4145 Athen.
2389 4095 2421 4142 9
2456 4108 2506 4156 p,
2533 4093 2682 4143 410d
2718 4092 2963 4142 restituit
2992 4092 3307 4143 Meinekius.
3380 4095 3531 4143 Pers.
3566 4096 3664 4143 603

2156 4159 2276 4222 ἐμοί
2294 4159 2401 4224 γὰρ
2418 4159 2525 4225 ἤδη
2544 4158 2729 4211 πάντα
2758 4158 2859 4221 μέν
2880 4158 3059 4222 φόβου
3079 4158 3240 4212 πλέα.
3305 4159 3394 4215 Fr.
3419 4164 3482 4212 76
3509 4161 3663 4212 πλέω
3764 4156 3769 4160 ’

2152 4243 2188 4289 γ
2226 4226 2384 4279 άσου.
3004 4282 3019 4298 ⁶

2192 4244 2450 4360 ρπληγή
2489 4296 2711 4359 (Dorice
2748 4292 2958 4358 πλαγά)
2996 4291 3198 4360 playa,
3243 4292 3411 4356 ictus,
3445 4294 3664 4348 vulnus.

2158 4363 2309 4427 Sept.
2362 4365 2459 4414 796
2511 4361 2673 4423 πόλις
2708 4362 2758 4413 δ’
2793 4361 2856 4413 ἐν
2904 4360 3058 4428 εὐδίᾳ
3109 4376 3171 4412 τε
3217 4363 3308 4412 καὶ
3355 4363 3665 4415 κλυδωνίου

2156 4432 2417 4482 πολλαῖσι
2468 4431 2707 4494 πληγαῖς
2760 4428 2969 4482 ἄντλον
3020 4426 3123 4480 οὐκ
3177 4428 3418 4487 ἐδέξατο,
3521 4433 3663 4496 Sept.

2157 4503 2254 4549 895
2306 4496 2596 4549 διανταίαν
2647 4496 2824 4558 λέγεις
2875 4495 3112 4557 πλαγάν.
3190 4498 3281 4547 ubi
3327 4498 3477 4558 πλαγ
3521 4516 3550 4548 ν
3603 4516 3665 4549 ex

2157 4567 2450 4628 glosematc
2485 4565 2695 4616 illatum
2738 4565 2944 4615 delevit
2980 4562 3308 4631 Elmsleius]
3382 4568 3530 4615 PerS.
3568 4571 3664 4618 251

2158 4636 2220 4686 ἐν
2275 4636 2370 4698 μιᾷ
2423 4634 2609 4697 πληγῇ
2654 4630 3035 4695 κατέφθαρται
3087 4632 3261 4691 πολὺς
3316 4631 3496 4695 ὄλβος.
3569 4638 3666 4684 304

2157 4703 2345 4765 πληγῇ
2384 4700 2564 4765 δορός.
2638 4703 2737 4752 906
2773 4699 3075 4763 δμαθέντες
3112 4698 3365 4760 μεγάλως
3404 4702 3666 4760 πλαγαῖσι
3703 4721 3723 4728 -

2157 4768 2473 4821 ποντίαισιν
2544 4771 2672 4820 1053
2708 4765 2762 4819 οἲ
2806 4768 3126 4820 στονόεσσα
3160 4765 3364 4828 πλαγά.
3431 4769 3527 4831 Ag.
3567 4772 3664 4820 367

2158 4837 2291 4898 Διὸς
2326 4834 2549 4897 πλαγὰν
2584 4835 2805 4900 ἔχουσιν
2842 4833 3037 4889 εἰπεῖν.
3111 4837 3238 4885 1292
3266 4834 3567 4900 ἐπεύχομαι
3605 4836 3665 4888 δέ

2160 4901 2367 4968 καιρίας
2403 4904 2622 4967 πληγῆς
2657 4906 2860 4967 τυχεῖν.
2937 4906 3064 4954 1343
3092 4902 3415 4965 πέπληγμαι
3453 4900 3668 4968 καιρίαν

2159 4973 2382 5036 πληγὴν
2418 4971 2703 5036 (πλευρῶν
2738 4971 2987 5036 Weilius)
3032 4969 3163 5021 ἔσω.
3239 4973 3363 5020 1344
3401 4973 3546 5033 σῖγα,
3584 4970 3665 5033 τίς

2160 5038 2385 5103 πληγὴν
2451 5037 2608 5090 άϋτεῖ
2675 5038 2899 5106 καιρίως
2969 5036 3340 5098 ούτασμένος;
3411 5036 3506 5087 Ch.
3569 5043 3667 5090 232

2159 5106 2378 5170 σπάθης
2412 5119 2475 5158 τε
2511 5104 2746 5170 πληγάς.
2818 5111 2915 5158 312
2952 5104 3078 5156 ἀντὶ
3114 5103 3175 5155 δέ
3214 5106 3429 5168 πληγῆς
3465 5104 3666 5170 φονίας

2161 5171 2368 5240 φονίαν
2420 5174 2647 5239 πληγήν
2689 5172 2910 5225 τινέτω.
2980 5175 3080 5224 468
3126 5171 3487 5236 παράμουσος
3532 5172 3666 5235 ἄτας

2164 5243 2320 5305 (άτης
2340 5241 2417 5306 Μ)
2445 5240 2786 5304 αἱματόεσσα
2805 5239 2992 5302 πλαγά
3022 5239 3252 5303 (πληγή,
3280 5240 3373 5291 sed
3394 5257 3665 5306 superscr.

2160 5310 2363 5375 duplici
2399 5324 2451 5372 α,
2487 5309 2581 5373 Μ).
2652 5311 2804 5359 Eum.
2846 5313 2940 5361 103
2985 5307 3090 5373 δρα
3134 5307 3194 5358 δέ
3242 5307 3460 5370 πληγὰς
3495 5307 3667 5362 τάσδε

2162 5375 2385 5441 καρδίας
2413 5376 2561 5429 ὅθεν.
2618 5380 2718 5429 933
2753 5374 2855 5428 οὐκ
2881 5373 3036 5427 οἶδεν
3071 5375 3202 5426 ὅθεν
3227 5376 3434 5438 πληγαὶ
3462 5376 3667 5438 βιότου.

2229 5445 2489 5508 πλῆθος
2537 5441 2852 5496 multituda
2922 5443 3074 5495 Pers.
3120 5446 3187 5493 40
3239 5444 3407 5495 δεινοί
3452 5443 3668 5506 πλῆθός

2159 5512 2214 5562 τ’
2249 5511 2555 5578 ἀνάριθμοι.
2632 5515 2726 5562 166
2761 5509 3064 5577 χρημάτων
3106 5508 3403 5575 ἀνάνδρων
3438 5512 3668 5575 πλῆθος.

2162 5585 2261 5632 334
2296 5580 2478 5633 πόσον
2513 5594 2565 5630 τι
2601 5580 2817 5644 πλῆθος
2861 5577 2935 5640 ἦν
2968 5580 3121 5630 νεῶν
3155 5577 3518 5641 Ἐλληνίδωνς
3570 5583 3666 5630 337
3771 5635 3779 5644 ,

2161 5647 2412 5713 πλήθους
2447 5646 2550 5710 μέν
2586 5645 2656 5698 ἂν
2691 5646 2828 5710 σάφ’
2862 5645 2974 5700 ἥθ’
3008 5645 3162 5697 ἕκατι
3198 5646 3502 5710 βαρβάρους
3538 5659 3666 5698 ναυ-

2161 5717 2253 5768 σίν
2296 5718 2583 5780 κρατῆσαι.
2654 5719 2753 5766 342
2798 5713 2973 5779 χιλιὰς
3016 5713 3118 5777 μὲν
3164 5711 3234 5776 ἦν
3271 5712 3354 5764 ὧν
3390 5713 3493 5775 ἦγε
3528 5714 3669 5778 πλῆ-

2162 5784 2274 5844 θος.
2343 5787 2441 5834 352
2476 5781 2678 5847 πλήθει
2725 5780 3081 5848 καταυχήσας
3125 5784 3289 5834 νεῶν.
3360 5785 3459 5832 413
3497 5779 3575 5842 ως
3609 5781 3669 5832 δέ

3164 5864 3263 5918 19·
