4300 6317
1115 1036 1152 1042 —
1309 1037 1332 1041 -.
1343 1034 1718 1042 ———-—-

692 1082 1074 1143 συνόμνυμι
1111 1081 1350 1134 com'uro.
1423 1085 1521 1146 Ag.
1550 1086 1650 1133 660
1673 1081 2006 1144 ξυνώμοσαν
2029 1081 2133 1144 γὰρ

628 1147 789 1209 ὄντες
835 1150 1077 1211 ἔχθιστοι
1123 1149 1190 1200 τὸ
1237 1150 1370 1214 πρὶν
1409 1152 1520 1213 πῦρ
1565 1149 1654 1199 καί
1691 1148 1961 1202 θάλασσα.
2033 1149 2130 1198 Ch.

628 1220 725 1267 978
763 1217 1095 1278 ξυνώμοσαν
1133 1217 1234 1279 μὲν
1270 1215 1517 1267 θάνατον
1558 1214 1735 1281 ἀθλίῳ
1773 1215 1957 1278 πατρί.

696 1285 1078 1347 σύνορθρος
1125 1283 1392 1334 matutino
1435 1282 1665 1348 tempori
1703 1281 1963 1348 aequalis.
2035 1284 2135 1348 Ag.

631 1355 726 1400 253
762 1352 932 1416 τορὸν
977 1352 1083 1414 γὰρ
1130 1353 1244 1414 ἥξει
1291 1352 1378 1410 (τὸ
1417 1350 1642 1414 μέλλον)
1691 1352 2003 1416 σύνορθρον
2043 1351 2135 1401 αύ-

629 1422 772 1479 γαῖς,
832 1421 923 1467 ubi
969 1419 1247 1482 συνορθὸν
1298 1418 1490 1480 άυταῖς
1543 1426 1626 1468 est
1672 1421 1728 1470 in
1773 1420 1855 1481 Μ,
1911 1435 2136 1483 quorum

632 1488 779 1550 prius
818 1487 1174 1540 Welluuerus.
1223 1487 1448 1536 alterum
1497 1488 1841 1536 Her-mannus
1887 1486 2136 1535 emenda-

631 1561 771 1607 runt.
842 1557 1040 1605 sensus
1077 1560 1161 1604 est
1197 1552 1408 1614 orietur:
1439 1567 1560 1604 cum
1584 1552 1702 1604 luce
1734 1551 1865 1604 solis
1900 1555 2132 1604 eventu&

640 1623 692 1668 ln
750 1635 933 1685 apogr.
994 1622 1139 1671 Flor.
1205 1621 1289 1671 est
1351 1621 1666 1684 σύναρθρον
1720 1621 1938 1680 ἀϋταῑς,
1995 1621 2136 1685 quod

632 1689 924 1738 Triclinius
985 1691 1249 1753 explicuit
1308 1688 1768 1751 συνηρμοσμένον
1833 1689 1984 1751 βοαῖς
2048 1688 2135 1737 καὶ

636 1756 876 1818 θρήνοις.

703 1823 1120 1885 συνόρνυμαι
1156 1821 1320 1874 simul
1346 1821 1676 1887 proficiscor.
1757 1825 1856 1888 Ag.
1895 1825 1994 1872 429
2040 1820 2140 1885 ἀφ’

638 1889 894 1950 Ἑλλάδος
930 1890 1053 1949 αἴας
1089 1890 1450 1952 συνορμένοις
1487 1890 1716 1942 πένθεια
1758 1888 2140 1954 τλησικάρδιος

637 1957 829 2017 δόμων
883 1958 1121 2009 ἑκάστου
1177 1960 1390 2022 πρέπει.
1462 1957 1694 2022 ὄρμενος
1742 1965 1827 2010 est
1864 1958 2138 2022 participii

559 2031 564 2042 “
637 2026 827 2074 antisti
865 2028 1034 2075 forma
1071 2028 1224 2090 epit-a
1261 2026 1343 2086 (ll.
1387 2029 1462 2086 1¹,
1501 2029 1647 2088 572),
1687 2042 1789 2090 qua
1828 2027 2022 2088 tragici
2061 2026 2169 2073 in-'

642 2093 843 2140 tercium
883 2094 1040 2142 metri
1085 2110 1251 2143 causa
1295 2095 1380 2143 usi
1415 2101 1542 2144 sunt
1587 2109 1683 2158 pro
1720 2091 2003 2157 ὀρόμενος.
2077 2092 2139 2139 V.

641 2159 1038 2292 opgtgizagbpog
1074 2229 1281 2288 (lonive
1318 2245 1413 2292 pro
1452 2216 1709 2291 σύνορος)
1757 2224 2142 2286 conterminus,

638 2291 845 2373 affinis.
923 2300 1021 2360 Ag.
1070 2299 1168 2346 495
1222 2294 1375 2356 κάσις
1430 2298 1613 2359 πηλοῦ
1672 2294 1938 2360 ξύνουρος
1989 2293 2142 2358 διψία

640 2376 1036 2480 κο(ζιιῗνουσία
1073 2442 1397 2494 eonyressus.
1471 2432 1622 2480 Eum.
1649 2432 1749 2481 285
1784 2429 1937 2491 ὅσοις
1973 2442 2142 2493 προσ-

543 2509 546 2516 ’
642 2497 815 2559 ῆλθον
851 2496 1073 2559 ἀβλαβεῖ
1099 2496 1386 2561 ξυνουσίᾳ.

709 2576 786 2615 συ
804 2564 1164 2627 νταράσσω
1202 2563 1484 2627 conturbo,
1519 2561 1810 2627 confundo.
1885 2564 1974 2613 Pr.
2016 2563 2144 2614 1088

642 2631 1073 2695 ξυντετάρακται
1109 2631 1159 2682 δ’
1194 2631 1356 2696 αἰθὴρ
1394 2633 1610 2697 πόντῳ.
1793 2645 1804 2673 ·-
1897 2651 1904 2658 ·

585 2699 620 2704 ’“
711 2701 1074 2752 συντέλεια
1125 2702 1317 2754 coetus.
1399 2701 1480 2749 De
1527 2706 1680 2750 coetu
1734 2701 1950 2750 deorum
1996 2700 2144 2763 Sept.

642 2770 735 2815 ‘251
778 2765 824 2814 ῶ
863 2767 1163 2827 ξυντέλεια,
1201 2768 1274 2831 μὴ
1312 2769 1535 2832 προδῷς
1561 2768 2025 2831 πυργώματα,·ιιι
2059 2768 2143 2817 θε-

645 2836 730 2883 ῶν
765 2836 1068 2897 πανάγυρις
1102 2836 1304 2885 dictum
1339 2843 1424 2885 est
1459 2851 1507 2885 v.
1547 2840 1662 2886 220.
1710 2835 2037 2894 Scholiasta,
2074 2831 2142 2883 τὸ

647 2902 836 2951 κοινὸν
881 2903 1150 2965 ἄθροισμα
1196 2906 1314 2953 τῶν
1349 2904 1527 2965 θεῶν,
1578 2904 1983 2966 μεταφορικῶς.
2054 2916 2142 2951 κυ-

645 2968 777 3031 ρίως
812 2967 916 3032 γάρ
951 2970 985 3031 ή
1015 2972 1133 3018 τῶν
1158 2972 1528 3032 στρατιωτῶν
1552 2969 1814 3034 ᾶθροισις·
1854 2969 2014 3029 τέλος
2039 2966 2143 3030 γάρ

645 3036 712 3086 τὸ
759 3036 955 3097 τάγμα.
1026 3036 1275 3100 Ὅμηρος
1322 3037 1350 3054 ”“
1369 3037 1551 3088 ἐλθεῖν
1596 3037 1652 3098 ἐς
1686 3036 1958 3102 φυλάκων
1989 3033 2144 3099 ἱερὸν

643 3103 873 3163 τέλος.”
960 3106 1122 3154 Recte
1175 3107 1516 3169 interpretari
1569 3106 1777 3156 videtur
1829 3105 2144 3165 scholiasta,

650 3169 755 3221 vtsi
802 3171 1094 3234 singularis
1143 3173 1228 3221 hic
1279 3188 1407 3222 usus
1451 3174 1703 3223 vocabuli
1747 3178 1846 3224 est.
1919 3174 2144 3222 Frustra

647 3240 948 3288 Meinckiufl
991 3240 1187 3288 I'hilol.
1233 3241 1336 3294 vol.
1373 3244 1439 3290 20

648 3323 808 3371 quum
847 3308 1082 3371 Iuppiter
1120 3308 1299 3371 paullo
1339 3313 1460 3372 post
1495 3309 1776 3358 invocetur
1809 3323 1859 3362 v,
1886 3310 2000 3358 255.

714 3374 1058 3434 συντελής
1101 3373 1470 3436 contribam-8,
1520 3373 1686 3425 simul
1719 3373 1986 3426 tributum
2012 3388 2145 3440 pen-

648 3440 796 3491 dens.
873 3442 1065 3491 Pollux
1101 3444 1162 3504 8,
1203 3445 1296 3492 166
1333 3444 1604 3506 συντελὴς
1639 3444 1669 3493 ὁ
1707 3443 1811 3495 σὺν
1846 3442 2002 3506 ἄλλῳ
2039 3443 2145 3493 λει-

646 3511 924 3571 τουργῶν,
963 3511 1271 3572 συντελῶν,
1308 3511 1713 3575 συνεισφέρων,
1751 3508 2144 3574 συνερανίζων.

649 3587 704 3626 ct
741 3577 1111 3641 Harpocratio
1136 3579 1442 3638 συντελεῖςε
1481 3576 1532 3629 οί
1559 3579 2026 3636 συνδαπανῶντες
2055 3577 2144 3628 καί

648 3643 1127 3706 συνεισφέροντες.
1209 3645 1382 3695 Sensu
1435 3646 1625 3696 latiore
1678 3649 1777 3710 Ag.
1826 3649 1925 3696 532
1967 3643 2145 3709 Πάρις

649 3717 662 3766 ι’
673 3714 703 3764 i.
732 3729 777 3761 e.
816 3711 946 3761 οὔτε
984 3710 1176 3774 Πάρις)
1213 3713 1318 3776 γὰρ
1354 3712 1486 3764 οὔτε
1512 3714 1784 3778 συντελὴς
1820 3712 1980 3773 πόλις
2003 3713 2145 3764 ἑξεύ·

650 3793 803 3842 χεται
838 3779 907 3829 τὸ
944 3779 1120 3842 δρᾶμα
1156 3783 1259 3829 τοῦ
1298 3779 1509 3840 πάθους
1546 3781 1740 3844 πλέον,
1786 3781 1926 3846 quod
1959 3780 2147 3830 Tricli-

649 3864 773 3896 unus
826 3846 1068 3910 explicat
1119 3847 1153 3907 ι’]
1208 3848 1588 3900 συντελέσασα
1639 3850 1731 3900 καί
1783 3849 2148 3911 συμπράξασα

647 3915 832 3977 αύτῷ,
874 3917 904 3962 i.
943 3932 987 3962 e.
1026 3916 1313 3965 coniuncta
1350 3917 1435 3966 vel
1473 3917 1694 3981 imperio
1733 3918 1851 3967 eius
1887 3931 2148 4000 parens.L

717 3981 1070 4040 συντέμνω
1105 3980 1391 4046 praecide,
1426 3981 1663 4034 dcem-to.
1737 3985 1889 4034 Eum.
1928 3987 2025 4034 927
2069 3997 2146 4034 τι·

649 4051 751 4111 μὰς
789 4049 857 4100 σὺ
896 4055 968 4110 μή
1008 4050 1281 4111 σύντεμνε
1317 4050 1414 4111 τὰς
1449 4050 1580 4114 ἐμὰς
1617 4053 1789 4117 λόγῳ.
1839 4049 1860 4116 ΙΙ
1897 4048 2142 4102 termino.

569 4123 582 4140 '
650 4118 834 4181 Suppl.
862 4122 958 4166 258
995 4116 1242 4179 ὁρίζομαι
1279 4117 1338 4169 δέ
1374 4119 1482 4180 τήν
1515 4133 1577 4170 τε
1613 4119 1943 4183 Περραιβῶν
1971 4119 2148 4182 χθόνα

651 4213 710 4220 —-
749 4187 852 4247 όρη
890 4199 949 4234 τε
995 4186 1339 4236 Δωδωναῖα·
1389 4186 1686 4248 συντέμνει
1729 4186 1780 4236 δ’
1814 4187 1941 4248 ὅρος
1978 4186 2148 4249 ὑγρᾶς

647 4253 946 4313 θαλάσσης,
986 4252 1073 4301 ubi
1101 4254 1423 4304 Abx-euchitis
1448 4259 1782 4318 comparavit
1800 4255 1990 4312 virgil.
2016 4255 2144 4305 Aen.

657 4329 694 4380 ι,
733 4323 827 4369 :387
864 4318 1160 4369 termina-re
1194 4319 1484 4384 imperium
1526 4320 1738 4372 Oceano
1771 4328 1825 4371 et
1859 4322 1994 4371 Plat.
2035 4322 2148 4373 Me·

649 4404 764 4437 nex.
808 4405 855 4451 p.
878 4392 977 4436 405
997 4404 1040 4435 c.
1077 4388 1181 4450 τήν
1206 4387 1384 4452 ἀρχὴν
1420 4386 1667 4451 ὡρίσατο
1703 4388 1857 4451 μέχρι
1894 4389 2146 4440 Σκυθῶν.

648 4453 827 4506 Svhol.
883 4454 916 4505 ό
977 4454 1035 4504 δέ
1082 4456 1212 4517 ὅρος
1254 4456 1286 4505 ό
1340 4455 1610 4519 ἡμέτερος
1663 4455 1800 4508 τάπί
1851 4456 2147 4522 Δωδώνην

648 4523 760 4584 ἔχει
796 4521 902 4582 ἕως
937 4524 1036 4584 τῆς
1075 4523 1373 4586 θαλάσσης.

726 4588 1202 4652 συντετραίνω
1270 4589 1512 4654 perfero,
1612 4590 1709 4642 eh.
1769 4593 1865 4642 451
1925 4593 2146 4642 τοιαῦτ’

647 4657 872 4707 ἀκούων
920 4655 980 4706 ἐν
1027 4659 1227 4719 φρεσίν
1271 4657 1518 4722 γράφου,
1566 4659 1634 4709 δι’
1670 4657 1841 4709 ὤτων
1884 4658 1944 4710 δέ
1991 4672 2096 4711 συν
2136 4669 2142 4724 1

647 4726 896 4788 τέτραινε
943 4725 1119 4785 μῦθον
1157 4725 1352 4790 ἡσύχῳ
1390 4728 1623 4788 φρενῶν
1660 4725 1829 4788 βάσει.
1900 4727 2142 4777 Scholia-

646 4805 745 4850 sta,
786 4795 879 4857 qui
914 4809 1003 4855 per
1038 4791 1295 4854 διατόρει,
1333 4793 1605 4854 διακόμιζε
1644 4795 1885 4859 explicat
1919 4795 2146 4859 simplex

647 4862 843 4923 legisse
882 4859 1088 4908 videtur
1124 4859 1404 4922 τέτραινεε
1454 4862 1591 4911 unde
1635 4861 1695 4912 δὲ
1729 4864 1851 4913 σῶν
1884 4861 2143 4912 Blomfiel-

644 4929 760 4988 dus,
795 4926 844 4975 δ’
869 4926 984 4978 ἐσω
1011 4928 1418 4992 lzambergerus,
1457 4927 1519 4978 τέ
1546 4942 1634 4980 σοι
1659 4929 1996 4979 Hermannus
2021 4946 2142 4979 con-

645 4997 903 5044 iecerunt.
978 4995 1181 5043 Sensus
1219 5003 1307 5044 est
1350 4992 1444 5057 sac
1478 4999 1542 5046 ut
1569 5009 1673 5060 per
1705 5010 1868 5047 aures
1911 4995 1974 5046 in
2013 4995 2142 5048 inti-

646 5076 790 5112 mum
826 5074 1082 5111 recessmu
1116 5066 1375 5125 penetret.
1441 5064 1600 5127 δορὴ.
1647 5063 1707 5113 fr.
1748 5068 1846 5114 737
1891 5064 1960 5115 δι’
1995 5063 2145 5126 ώτὸς

645 5131 860 5193 ἔρχεται
897 5128 1268 5192 τρυπωμένου
1307 5133 1645 5195 comparavit
1691 5131 2139 5183 Wordsworthus.

711 5196 1077 5277 συντίθημι
1121 5209 1388 5260 compono.
1461 5198 1609 5247 Nove
1653 5198 1858 5248 dictum
1895 5197 2146 5250 addendi

645 5265 1044 5326 significatione
1094 5266 1362 5328 accipitur
1406 5265 1591 5330 Suppl.
1628 5268 1693 5314 65
1735 5267 1798 5315 de
1832 5275 2000 5317 cantu
2035 5267 2144 5318 lus-

641 5330 817 5383 ciniae
843 5331 1032 5395 ἀηδὼν
1069 5359 1131 5366 -
1170 5335 1363 5383 πενθεῖ
1388 5331 1520 5383 νέον
1552 5326 1748 5383 ὁῖκτον
1783 5333 1987 5397 ἠθέων,
2026 5337 2144 5386 ξυν-

641 5400 825 5463 τίθησι
870 5400 928 5449 δέ
975 5397 1169 5458 παιδός
1216 5399 1416 5463 μόρον,
1464 5401 1541 5461 ώς
1579 5400 1916 5463 αὐτοφόνως
1963 5401 2146 5454 ώλετο

642 5468 783 5533 πρὸς
819 5468 996 5531 χειρὸς
1044 5468 1183 5518 Ιε’θεν.
1255 5468 1314 5517 ld
1351 5483 1473 5516 vero
1520 5469 1704 5532 aptius
1747 5467 1996 5532 ἐντίθησι
2035 5471 2142 5519 dici

641 5538 880 5601 potui-sse
917 5535 1303 5585 animadvertit
1345 5536 1702 5585 normannus.
1777 5537 2144 5601 componendi

640 5603 967 5666 significatio
1006 5608 1210 5652 servari
1261 5609 1472 5667 potest,
1519 5606 1566 5652 si
1601 5601 1796 5664 παιδὸς
1835 5603 2010 5668 μόρον
2046 5621 2144 5669 pro

638 5674 846 5734 θρῆνον
885 5670 1012 5733 περὶ
1057 5671 1252 5730 παιδὸς
1290 5668 1463 5733 μόρου
1512 5672 1714 5720 dictum
1752 5673 2044 5736 accipitur,
2082 5681 2144 5722 ut

639 5742 921 5795 συνθεῖναι
957 5735 1170 5802 ποίημα
1219 5745 1275 5788 et
1310 5737 1484 5798 λόγον
1518 5737 1743 5800 dicitur,
1789 5740 1928 5820 quod
1976 5755 2117 5790 anno

1738 5931 1884 5961 .-.Γ

1804 929 2112 992 συνόμνυμι
2149 954 2281 966 --
2316 927 2509 993 σφαγή

3568 922 3692 986 343

2190 1083 2329 1133 tavit
2364 1081 2701 1144 Phrynichus
2738 1083 2793 1131 in
2829 1080 3003 1131 Bekk.
3030 1079 3225 1130 Anecd.
3260 1095 3311 1143 p.
3337 1081 3401 1129 63
3442 1085 3496 1127 et
3519 1093 3692 1128 exem·

2191 1150 2283 1215 pla
2320 1150 2516 1199 docent
2553 1151 2607 1198 in
2646 1148 2805 1198 Thes.
2843 1147 3072 1197 collecta
3105 1147 3211 1197 vol.
3250 1150 3278 1195 7
3317 1164 3366 1210 p.
3407 1149 3518 1206 1-17,
3555 1150 3603 1196 4.

2258 1215 2605 1280 σύντομος
2641 1213 2912 1274 concisae.
2950 1211 3139 1265 brevis.
3218 1214 3364 1263 Pers.
3403 1216 3499 1263 698
3539 1212 3610 1275 μή
3642 1227 3694 1262 τι

2191 1286 2503 1347 μακιστῆρα
2539 1285 2744 1347 μῦθον,
2781 1281 2921 1333 ἀλλὰ
2959 1282 3241 1344 σύντομον
3280 1281 3477 1339 λέγων.

2259 1349 2617 1412 συντόμως
2654 1349 2875 1411 concise,
2910 1347 3154 1402 breviter.
3225 1350 3324 1412 Ag.
3350 1351 3447 1397 629
3482 1347 3695 1410 μακρὸν

2191 1417 2252 1470 δὲ
2287 1421 2444 1474 π“μα
2479 1417 2775 1478 συντόμως
2820 1415 3096 1481 ἐφημίσω.
3172 1418 3319 1464 Eum.
3358 1417 3457 1464 415
3502 1418 3694 1466 πεύσει

2190 1486 2261 1537 τὰ
2298 1501 2339 1537 π
2380 1500 2482 1536 ντα
2518 1485 2832 1548 συντόμως.
2905 1488 3003 1535 585
3041 1483 3271 1545 λέξομεν
3297 1482 3356 1533 δέ
3382 1483 3678 1542 συντόμως

2260 1551 2614 1617 συντρέχω
2666 1563 2917 1617 conyruo.
3004 1552 3092 1601 Fr.
3138 1554 3239 1601 299
3293 1549 3340 1600 εί
3395 1551 3467 1613 μὴ
3523 1549 3698 1614 τέρμα

2193 1619 2483 1684 συντρέχοι
2522 1621 2656 1682 βίου.

2261 1685 2740 1755 [συντυγχάνω
2776 1685 3044 1752 continyo.
3114 1685 3263 1750 Sept.
3303 1688 3399 1735 274
3438 1688 3490 1733 in
3530 1686 3696 1734 versi-

2193 1756 2292 1805 bus
2336 1756 2743 1820 interpolatoris
2790 1753 2852 1806 εὖ
2897 1753 3292 1818 ξυντυχόντων
3339 1752 3427 1803 καί
3477 1751 3698 1811 πόλεως

2194 1820 2604 1887 σεσωσμένης.]

2261 1890 2668 1954 συνωμότης
2704 1887 3040 1941 coniuratus.
3092 1890 3240 1939 Eum.
3270 1893 3363 1938 127
3398 1886 3576 1946 ὕπνος
3600 1887 3697 1938 πό-

2197 1973 2291 2017 νος
2327 1971 2389 2008 τε
2429 1957 2603 2020 κύριοι
2638 1957 2976 2019 συνωμόται.

2263 2024 2684 2090 [συνώνυμος
2707 2026 2890 2090 Suppl.
2908 2028 3000 2075 193
3024 2040 3117 2088 pro
3138 2022 3443 2085 εὐώνυμος,
3470 2023 3610 2086 quod
3625 2020 3695 2087 v.J

2264 2091 2552 2157 συνωρίς
2587 2090 2727 2157 biya.
2804 2094 2908 2142 Per
2941 2090 3169 2152 συζυγία
3207 2097 3262 2140 et
3288 2089 3417 2149 δυάς
3447 2107 3563 2153 exp.
3594 2090 3697 2138 He-

2197 2161 2415 2223 sychius
2460 2167 2514 2209 et
2552 2161 2763 2210 suidas.
2830 2160 2951 2210 Non
2998 2175 3119 2209 raro
3165 2160 3453 2223 improprie
3499 2160 3699 2207 dicitur

2197 2243 2298 2292 par
2332 2228 2418 2277 vel
2456 2228 2729 2277 hominum
2766 2227 2854 2278 vel
2879 2243 3050 2276 rerum
3075 2229 3437 2276 coniunctum.
3489 2228 3576 2273 Sic
3602 2228 3698 2288 Ag.

2197 2298 2297 2346 643
2330 2293 2591 2356 δίλογχον
2626 2294 2786 2358 ἄτην,
2823 2293 3048 2356 φοινίαν
3084 2295 3232 2347 ξυνω
3274 2293 3387 2358 ίδα,
3436 2293 3575 2357 quod
3609 2307 3701 2356 per

2199 2365 2440 2426 φονικὴν
2473 2361 2645 2414 δυάδα
2688 2378 2805 2427 exp.
2826 2362 3141 2412 Tricliniua.
3180 2387 3203 2422 ρ
3256 2378 3294 2410 r.
3323 2358 3697 2434 311“ι.4ἴδεσθε

2197 2429 2249 2479 δ’
2280 2428 2415 2481 αύτε
2454 2456 2514 2466 -—
2551 2429 2625 2481 τὸ
2658 2427 2987 2494 μηχάνημα,
3037 2428 3246 2490 δεσμὸν
3281 2425 3457 2493 ἀθλίῳ
3504 2427 3696 2489 πατρ’·

2277 2501 2345 2548 οὐ
2379 2495 2486 2559 γὰρ
2513 2494 2668 2558 ἰσχὺς
2692 2498 2986 2558 συζυγοῦσι
3012 2498 3101 2548 καί
3131 2495 3269 2558 δίκη.
3301 2495 3429 2545 ποία
3466 2443 3699 2558 ξυνωρίς

2272 2565 2367 2615 σδε
2416 2563 2829 2629 καρτερωτέρα;
2868 2564 2983 2618 ·Ch.
3029 2567 3126 2615 982
3172 2563 3343 2622 πέδας
3388 2577 3449 2612 τε
3496 2566 3700 2624 χειροῖν

2200 2632 2288 2682 καί
2324 2633 2521 2682 ποδοῖν
2557 2630 2844 2694 ξυνωρίδα.

2267 2699 2523 2764 σύρδην
2557 2697 2796 2760 tractim,
2830 2696 3047 2766 may'm's
3078 2697 3401 2765 aymim‘bua
3463 2699 3607 2751 Pers.
3636 2701 3699 2747 54

2200 2767 2467 2828 Βαβυλὼν
2502 2767 2551 2817 δ’
2574 2767 2610 2829 ἡ
2639 2766 2989 2830 πολύχρυσος
3013 2765 3331 2828 πάμμικτον
3369 2767 3538 2829 όχλον
3564 2764 3698 2826 πέμ-

2198 2849 2288 2886 πει
2324 2834 2549 2899 σύρδην.
2608 2834 2700 2885 ubi
2734 2836 3076 2885 Hermannuo
3110 2833 3359 2897 “σύρδην
3395 2835 3457 2882 de
3492 2831 3698 2896 magnis

2202 2903 2373 2968 copiis
2409 2904 2630 2964 dictum,
2666 2916 2803 2967 quae
2838 2902 3015 2964 longis
3052 2903 3313 2951 tractibus
3353 2904 3505 2966 quasi
3541 2902 3698 2951 inun-

2197 2971 2327 3020 dant
2362 2974 2504 3019 vias:
2545 2986 2653 3034 qua
2688 2970 3004 3034 metaphora
3041 2969 3340 3031 Aeschylus
3379 2988 3428 3020 v.
3456 2971 3521 3018 89
3548 2984 3695 3032 seqq.

2199 3039 2387 3097 utitur,
2424 3036 2647 3100 μεγάλῳ
2685 3036 2916 3101 ῥεύματι
2953 3040 3171 3100 φωτῶν
3195 3037 3374 3085 diceus
3410 3044 3463 3084 et
3489 3035 3700 3097 ἄμαχον

2199 3107 2343 3167 κῦμα
2378 3103 2719 3169 θαλάσσης.”
2775 3105 2943 3154 Aliter
2967 3105 3169 3154 dictum
3205 3110 3288 3154 est
3326 3106 3379 3151 in
3421 3104 3598 3152 Rheso
3637 3107 3700 3153 56

2200 3175 2331 3235 πρὶν
2347 3172 2453 3223 τὸν
2480 3169 2749 3237 Ἀργείων
2773 3170 3021 3236 στρατὸν
3052 3171 3060 3234 Ι
3090 3171 3300 3235 σύρδην
3319 3171 3540 3221 ἅπαντα
3566 3171 3702 3233 τῷδ’

1484 3258 1532 3306 p.
1570 3243 1650 3290 56.
1700 3238 1747 3290 ὦ
1789 3238 1901 3290 Ζεῦ
1946 3239 2143 3301 τέλειε,
2196 3239 2483 3292 ἀναλῶσαι
2525 3238 2660 3305 δορί.
2728 3240 2966 3290 Tertium
3021 3239 3179 3289 huius
3228 3239 3479 3288 vocabuli
3525 3255 3700 3288 exem-

2200 3309 2343 3373 plum
2381 3308 2612 3358 affertur
2653 3323 2717 3357 ex
2761 3308 2952 3357 NIceta
2997 3306 3163 3356 Chon.
3208 3308 3342 3356 Ann.
3381 3311 3409 3357 '1
3448 3324 3494 3370 p.
3542 3310 3634 3356 119
3655 3323 3698 3355 ο.

2199 3375 2406 3437 ἀνέμου
2473 3373 2825 3436 πνεύσαντος
2883 3375 2973 3425 καί
3026 3376 3152 3425 θῖνα
3206 3375 3430 3436 βαθεῖαν
3490 3374 3547 3423 έκ
3601 3376 3702 3436 τῆς

2197 3443 2375 3496 ἐκεῖσε
2412 3441 2754 3507 ψαμμώδους
2777 3439 3223 3507 μετεωρίσαντος
3249 3445 3349 3504 γής
3375 3441 3587 3505 σύρδην
3613 3441 3699 3502 ἐμ-

2197 3509 2532 3563 πίπτουσαν.
2567 3508 2787 3575 φύρδην
2822 3510 3122 3573 φερόμενοι
3159 3510 3352 3572 ἄνεμοι
3386 3510 3523 3558 dixit
3559 3510 3699 3559 Alci-

2200 3580 2332 3645 phro
2374 3583 2417 3641 1,
2457 3581 2538 3638 23,
2577 3578 2667 3628 ubi
2705 3577 2818 3630 cod.
2858 3578 2998 3627 Flor.
3037 3577 3263 3641 σύρδην.

2201 3713 2241 3765 Σ
2268 3644 2510 3726 Συρία
2561 3640 2747 3712 Syria.
2837 3643 3024 3710 Suppl.
3077 3647 3107 3694 6
3162 3644 3335 3710 χθόνα
3390 3643 3703 3708 σύγχορτον

2245 3729 2277 3764 υ
2316 3727 2386 3764 ια.

2268 3728 2505 3845 (ξύριγξ
2550 3777 2819 3831 modiolus
2859 3783 3027 3830 rotae.
3103 3779 3249 3844 Sept.
3300 3782 3397 3829 205
3446 3779 3703 3842 σύριγγες

2199 3847 2470 3910 ἔκλαγξαν
2504 3846 2793 3911 ἑλίτροχοι.
2862 3846 3045 3912 Suppl.
3088 3850 3177 3899 181
3225 3846 3484 3910 σύριγγες
3521 3847 3587 3898 ού
3626 3860 3702 3898 σι-

2201 3919 2435 3977 σιγῶσιν
2470 3914 2821 3980 ἀξονήλατοι.

2268 3982 2515 4049 συρίζω
2566 3980 2741 4035 sibilo.
2822 3984 2907 4033 Pr.
2954 3985 3054 4034 355
3107 3982 3428 4046 σμερδναῖσι
3482 3998 3701 4047 γαμφη-

2201 4055 2347 4104 λαῖσι
2382 4050 2623 4113 συρίζων
2667 4051 2867 4114 φόνον.
2937 4049 3085 4115 Sept.
3120 4052 3220 4102 463
3265 4052 3421 4113 φιμοὶ
3464 4052 3522 4101 δέ
3559 4053 3701 4116 συρί-

2201 4122 2355 4171 ζουσι
2392 4118 2666 4200 βάρβαρον
2701 4119 2933 4182 τρόπον.

2270 4187 2507 4251 Σύριος
2542 4183 2756 4252 hyr-ius.
2817 4187 2957 4236 Pers.
2987 4187 3053 4236 83
3090 4184 3296 4250 Σύριόν
3325 4185 3375 4236 θ’
3404 4185 3549 4249 ἅρμα
3576 4187 3699 4237 διώ·

2203 4269 2340 4317 κων,
2373 4255 2469 4305 ubi
2493 4254 2659 4305 schol.
2684 4253 2808 4304 ἀντὶ
2844 4255 2947 4303 τοῦ
2989 4251 3301 4318 Ἀσσύριον·
3338 4252 3390 4304 oi
3425 4254 3530 4318 γάρ
3554 4253 3701 4317 Πέρ·

2202 4335 2293 4376 σαι
2326 4321 2397 4372 τό
2434 4320 2712 4385 πρότερον
2740 4320 3016 4386 Ἀσσύριρι
3051 4320 3373 4371 ἐκαλοῦντο.
3446 4323 3544 4386 Ag.
3576 4326 3701 4373 1312

2206 4389 2272 4441 ού
2310 4389 2511 4453 Σύριον
2546 4387 2824 4450 ἀγλάϊσμα
2859 4388 3110 4450 δώμασιν
3147 4387 3338 4448 λέγεις.

2269 4457 2471 4521 Σύροι
2506 4452 2655 4520 Syri.
2724 4458 2810 4506 Fr.
2847 4458 2947 4505 264
2995 4453 3139 4507 Κίλιξ
3175 4455 3235 4507 δὲ
3273 4456 3426 4518 χώρα
3473 4459 3560 4507 καὶ
3600 4458 3698 4508 Σύ-

2201 4540 2319 4591 ρων
2355 4521 2705 4588 ἑπιστροφαί.
2766 4523 2855 4572 Sic
2882 4523 3149 4589 Bergkius
3185 4540 3278 4588 pro
3306 4523 3524 4587 Σηρῶν,
3563 4527 3701 4589 quod

2204 4595 2399 4656 legitur
2434 4593 2577 4656 apud
2614 4591 2863 4642 Eustath.
2901 4609 2951 4656 p.
2996 4594 3140 4651 1484,
3176 4595 3255 4641 50.

2268 4658 2632 4712 συσπεύδω
2668 4657 2889 4728 adiuvo.
2963 4660 3051 4708 Fr.
3080 4661 3173 4709 291
3216 4658 3367 4720 φιλεῖ
3404 4658 3463 4709 δὲ
3498 4663 3582 4723 τῷ
3610 4660 3699 4710 κά-

2200 4742 2396 4791 μνοντι
2430 4725 2767 4779 συσπεύδειν
2803 4724 2945 4787 θεός.
3068 4717 3101 4756 ⁸

2267 4794 2634 4858 συστρέφω
2671 4796 3003 4858 contorqueo,
3082 4793 3171 4846 Fr.
3212 4796 3305 4843 195
3349 4791 3424 4842 ἵν’
3460 4793 3699 4855 εὐλαβοῦ

2200 4862 2406 4927 βρόμον
2431 4859 2832 4922 καταιγίζοντα,
2858 4860 2932 4924 μή
2961 4860 3012 4912 σ’
3037 4858 3331 4924 ἀναρπάσῃ
3360 4860 3698 4927 δυσχειμέρῳ

2199 4930 2432 4994 πέμφιγι
2467 4928 2785 4993 συστρέψας
2822 4928 3005 4992 ἄφνω.

2267 4995 2640 5063 [σφαγεῖον.
2711 4998 2810 5060 Ag.
2843 4999 2969 5046 1099
3006 4993 3207 5057 ἀνδρὸς
3233 4998 3506 5056 σφαγεῖον
3537 4996 3697 5058 (σφά-

2197 5080 2320 5128 γιον
2348 5081 2483 5115 corr.
2510 5065 2586 5126 M)
2617 5064 2815 5114 vitiose
2846 5079 2941 5129 pro
2969 5060 3426 5127 ἀνδροσφαγεῖον,
3457 5064 3595 5127 quod
3622 5065 3694 5129 v.]

2266 5131 2494 5194 σφαγή
2536 5129 2822 5191 mactatio,
2869 5127 3073 5181 caedes.
3145 5132 3244 5192 Ag.
3286 5134 3412 5180 1057
3461 5131 3698 5195 ἕστηκεν

2198 5200 2302 5265 ἤδη
2330 5201 2476 5264 μῆλα
2502 5197 2640 5264 πρὸς
2677 5211 2793 5262 σφα
2921 5196 3113 5260 πυρός,
3149 5199 3242 5246 ubi
3278 5207 3589 5262 suspectum
3619 5209 3701 5250 νει

2198 5267 2388 5331 πυρός,
2427 5268 2567 5333 quod
2604 5268 2659 5317 in
2696 5266 2775 5316 πά
2908 5266 3137 5314 mutavit
3174 5265 3545 5328 Musgravius,
3582 5283 3700 5317 cum

2200 5335 2651 5399 praecedentibus
2676 5331 3091 5383 construendum
3118 5333 3377 5395 genitivis
3398 5330 3583 5393 ἑστίας
3609 5349 3697 5395 με-

2200 5401 2509 5463 σομφάλου.
2575 5404 2702 5451 1096
2738 5399 2958 5461 σφαγάς
2982 5397 3159 5459 ὀπτάς
3182 5412 3246 5449 τε
3272 5399 3495 5462 σάρκας.
3546 5403 3696 5452 Eum.

2203 5473 2295 5520 187
2332 5468 2767 5534 ὀφθαλμωρύχοι
2791 5467 2935 5518 δίκαι
2958 5464 3170 5530 σφαγαί
3192 5481 3270 5517 τε.
3341 5472 3440 5517 450
3465 5467 3521 5527 ἐς
3558 5469 3609 5517 τ’
3631 5468 3699 5519 ἂν

2198 5537 2341 5657 ὲἘῗξῗ
2355 5535 2827 5663 &302202203‘3333
2854 5532 3700 5662 “2⁰⁰‘13203’x3‘533‘31ffl20‘223‘35

2197 5670 2460 5791 ῖὶιιῑει.
2474 5620 2801 5789 Quin-‚Ji
2822 5617 3699 5802 ‘’asgsffismzfiaeuzfzcurtat?
