4300 6317
805 897 978 965 προκήδομαι
997 925 1060 935 -
1079 896 1257 964 προμυχθίῐω
1316 921 1322 931 -
1759 896 1820 960 307

301 1002 307 1007 -
318 1002 446 1010 ..——.-

290 1049 411 1102 selescar
434 1054 475 1113 M,
499 1064 516 1102 σ
540 1054 628 1116 priore
653 1067 740 1102 eraso.
764 1049 775 1116 Ι
796 1050 951 1116 μναμοσύνα
972 1064 1040 1105 sum.
1068 1049 1174 1113 μεγάλα
1192 1050 1237 1101 καί
1255 1048 1391 1115 ἀξιόχρεα.
1417 1050 1462 1101 καί
1480 1050 1553 1111 τινές
1566 1050 1619 1115 ἤδη
1637 1053 1697 1100 τῶν
1714 1062 1822 1114 τραγῳ-

289 1119 333 1172 Pr.
347 1122 395 1168 667
414 1117 474 1169 οὐδ’
487 1117 565 1170 ἐστίν
578 1119 665 1170 ἄθλου
683 1118 770 1183 τέρμα
787 1132 831 1170 σοι
844 1117 1040 1183 προκείμενονς
1068 1118 1137 1169 διιθν
1153 1117 1197 1169 διὰ
1216 1118 1311 1179 μόνων
1329 1115 1542 1180 οίκονομούνται
1559 1119 1619 1167 τῶν
1638 1120 1719 1180 θεῶν,
1739 1117 1821 1169 καθά·

289 1190 337 1236 766
364 1188 415 1235 νόν
440 1185 470 1235 δ’
492 1185 574 1237 οὐδέν
597 1187 655 1238 ἐστι
678 1186 766 1249 τέρμα
792 1200 838 1248 μοι
859 1185 1042 1251 προκείμενον
1069 1200 1122 1250 περ
1140 1184 1167 1236 ol
1184 1184 1350 1249 Προμηθεῖς.
1376 1187 1417 1234 lle
1435 1186 1663 1235 vanamultorum
1683 1188 1819 1250 opinione,

290 1252 409 1315 μόχθων.
449 1253 521 1303 Pers.
544 1256 593 1305 371
617 1256 685 1305 πόσι
707 1252 854 1318 στέρεσθαι
880 1254 982 1318 κρατός
1006 1252 1043 1316 ἠν
1087 1256 1116 1303 ai
1134 1255 1306 1316 tetralogiam
1319 1252 1505 1303 Prometheam
1519 1269 1552 1302 ex
1571 1255 1659 1302 tribus
1672 1254 1821 1317 tragoediis

289 1319 480 1384 προκείμενον.
1098 1322 1212 1385 ρομηθεῑ
1243 1318 1394 1384 πυρφόριμ,
1420 1320 1564 1385 δεσμώτῃ,
1593 1319 1721 1385 λυομένῳ
1747 1321 1822 1383 (licet

322 1386 535 1451 προκήδομαι
561 1402 656 1440 wem
676 1402 746 1455 yero.
787 1389 831 1442 Pr.
855 1391 904 1440 629
932 1388 968 1452 μή
989 1403 1042 1452 μου
1070 1391 1097 1437 in
1124 1388 1254 1452 δεσμώτῃ
1282 1404 1327 1437 res
1355 1387 1506 1437 Promethei
1532 1389 1571 1437 ita
1598 1395 1766 1452 exponantur
1793 1395 1822 1437 ut

291 1455 432 1519 προκήδου
452 1458 560 1517 μᾶσσον
581 1455 619 1516 ὡς
637 1456 696 1519 έμοί
715 1455 810 1521 γλυκύ.
1069 1454 1172 1507 nullam
1191 1455 1273 1505 aliam
1290 1454 1410 1504 fabulam
1428 1457 1607 1520 praecessisse
1630 1455 1772 1518 appareat)
1794 1459 1821 1504 et

324 1519 500 1587 [aposlum
524 1526 607 1573 dalea
625 1522 719 1581 audio,
749 1529 798 1587 Ag.
816 1528 874 1586 251,
897 1525 943 1575 ubi
961 1523 1161 1573 verba²fabula
1174 1524 1292 1588 satyrica
1305 1525 1400 1584 ignota
1412 1523 1587 1586 compositam
1600 1523 1743 1583 finxerunt,
1761 1522 1820 1571 dra·

291 1589 323 1639 τό
342 1589 372 1640 δὲ
391 1589 545 1652 προκλύειν
557 1592 585 1639 in
597 1591 624 1639 M
638 1593 666 1640 in
679 1591 731 1642 fine
743 1607 837 1641 versus
849 1594 882 1641 ab
895 1592 949 1641 alia
963 1606 1042 1640 manu
1054 1621 1056 1630 ι
1070 1607 1112 1640 ma
1129 1598 1219 1641 autem
1238 1589 1383 1653 satyricum
1396 1588 1557 1654 Προμηθέα,
1578 1590 1648 1652 quod
1667 1590 1766 1654 olymp.
1780 1592 1819 1651 76,

292 1661 395 1721 scripta
413 1658 621 1708 additamentum
645 1666 708 1709 sunt
731 1659 951 1724 interpolatoris,
972 1659 1042 1723 quod
1069 1661 1163 1708 dirum
1181 1658 1268 1707 tribus
1287 1656 1434 1722 tragoediis
1452 1656 1554 1714 (Φινεῖ,
1578 1656 1713 1719 Πέρσαις,
1739 1656 1820 1707 Γλαύ-

291 1726 371 1774 eieci:
396 1725 428 1773 da
452 1740 503 1788 quo
523 1726 580 1774 dixi
603 1728 631 1775 ia
655 1727 745 1780 Praei.
768 1727 807 1780 ed.
833 1727 908 1791 Lips.
934 1727 1043 1790 quintae
1070 1725 1123 1790 κῳ)
1142 1732 1232 1774 sctum
1251 1740 1310 1774 csse
1329 1724 1461 1776 novimus.
1480 1740 1534 1774 aon
1547 1723 1698 1788 Προμηθέα
1711 1723 1820 1787 πυρφό-

288 1796 315 1856 ’μ
334 1790 494 1856 Laxant]
1054 1779 1057 1872 Ι
1070 1806 1129 1854 ρον,
1145 1793 1191 1842 sed
1202 1791 1323 1841 Pollucis
1337 1795 1370 1852 χ9,
1386 1791 1444 1854 166)
1456 1790 1609 1856 Προμηθέα
1622 1790 1754 1855 πυρκαέα,
1777 1807 1821 1840 cu-

326 1858 512 1923 πρόκωπος
529 1857 648 1910 strictus.
684 1863 734 1926 Ag.
754 1863 815 1911 1661
836 1858 915 1923 ξίφος
934 1859 1041 1924 πρόκω-
1052 1877 1057 1924 γ
1070 1857 1113 1910 ius
1132 1859 1222 1910 nullus
1240 1874 1358 1923 unquam
1370 1857 1440 1908 alius
1458 1862 1536 1909 tostis
1549 1860 1719 1924 producetur,
1738 1859 1821 1908 fuisse

293 1941 348 1976 πον
365 1928 418 1986 πᾶς
436 1940 477 1986 τις
499 1926 695 1991 εὐτρεπιζέτω.
730 1928 770 1977 De
794 1929 901 1977 homine
925 1929 1042 1991 gladium
1070 1926 1250 1988 crediderunt,
1268 1926 1323 1975 dixi
1342 1927 1370 1975 in
1387 1926 1453 1975 Vita
1471 1925 1613 1990 Sophoclis
1632 1928 1671 1976 ed.
1690 1927 1776 1979 Oxou.
1796 1943 1819 1978 a.

293 1996 415 2043 strictum
441 2000 549 2043 tenente
571 1996 607 2044 ib.
627 1999 691 2046 1662
709 1994 780 2046 άλλά
803 1993 880 2056 κάγὼ
904 1997 959 2059 μήν
976 1995 1043 2058 πρό·
1072 1996 1145 2045 1860.
1162 1995 1244 2045 volti
1261 2011 1285 2058 p.
1295 1993 1380 2042 LXII.
1407 1994 1455 2044 ubi
1474 1996 1572 2043 erroris
1590 2012 1605 2043 a
1625 1993 1732 2043 Polluce
1750 2009 1819 2042 com·

292 2075 387 2121 κωπος
414 2060 464 2110 οὐκ
492 2060 637 2124 ἀναίνομαι
664 2065 767 2113 θανεῖν.
808 2063 860 2113 Per
885 2061 994 2125 ἕτοιμος
1017 2068 1044 2111 et
1071 2062 1147 2111 raissi
1157 2063 1288 2125 originem
1298 2062 1424 2126 patefeci.
1448 2061 1502 2112 Alii
1514 2060 1666 2124 Προμηθέα
1676 2060 1822 2124 πυρφόρον

294 2127 440 2191 πρόχειρος
458 2145 517 2192 exp.
541 2130 653 2179 Photius
672 2147 697 2194 p.
715 2133 773 2184 455.
793 2132 831 2181 16.
1071 2131 1181 2179 tertiam
1204 2129 1287 2179 fuisse
1312 2127 1484 2178 crediderunt
1506 2129 1667 2193 tetralogiae
1694 2129 1822 2189 fabulam,

326 2196 483 2257 προλέγω
501 2193 585 2258 edico,
604 2194 719 2247 declaro.
756 2196 830 2262 Sept.
842 2199 892 2248 336
909 2195 962 2247 τόν
981 2195 1043 2260 φθί·
1071 2197 1179 2247 nomiae
1197 2212 1250 2245 non
1269 2203 1378 2260 propter
1396 2195 1496 2246 lurtum
1519 2198 1591 2260 ignis
1613 2197 1755 2260 imposito,
1777 2195 1822 2244 sed

295 2277 378 2324 μενον
400 2263 452 2328 γὰρ
474 2263 605 2326 προλέγω
624 2264 739 2328 βέλτερα
761 2264 850 2314 τῶνδε
873 2261 1042 2327 πράσσεινί
1071 2264 1106 2313 ad
1124 2261 1373 2325 λαμπαδοδρομίας,
1391 2263 1506 2313 Athenis
1524 2263 1696 2312 inhonorem
1717 2264 1821 2311 Prome-

292 2329 427 2393 pruedico,
442 2342 611 2394 μταεαιοιιοο.
641 2332 684 2386 Ρτ,
699 2335 754 2384 1071
765 2330 828 2396 ἀλλ’
840 2329 890 2382 οὖν
909 2330 1057 2395 μέμνησθ’Ι
1072 2331 1127 2380 thei
1145 2333 1291 2395 quotannis
1309 2331 1461 2381 celebratas
1481 2330 1631 2381 referendo:
1655 2330 1726 2394 quod
1744 2332 1821 2379 insti·

293 2397 353 2458 ίιγιίι
373 2398 512 2460 προλέγω,
1071 2403 1158 2447 tutum
1177 2399 1318 2447 memorari
1339 2402 1447 2462 poteret
1470 2399 1499 2447 in
1517 2406 1636 2448 extrema
1654 2406 1731 2461 parte
1749 2395 1821 2460 llpo·

326 2463 504 2528 προλείπω
531 2463 663 2531 relinquo.
699 2466 743 2518 Pr.
766 2468 816 2517 960
838 2468 1044 2529 κραιπνόσυτον
1073 2463 1184 2530 μηθέως
1203 2463 1340 2526 λυομένου
1363 2464 1402 2527 (in
1421 2480 1474 2529 qua
1491 2467 1572 2515 etiam
1589 2466 1621 2514 dc
1640 2480 1740 2513 corona
1758 2465 1821 2513 Pro-

294 2532 380 2582 θᾶκον
402 2534 588 2594 προλιποῦσα.
630 2535 703 2583 Pers.
730 2536 760 2584 18
783 2532 817 2584 τό
840 2533 961 2584 παλαιόν
985 2531 1044 2585 Κίσ-
1071 2532 1174 2582 mothel
1192 2547 1277 2583 sermo
1295 2531 1358 2582 init:
1377 2531 1432 2584 vid.
1451 2531 1482 2581 fr.
1500 2532 1573 2594 904),
1592 2540 1622 2581 αι
1640 2532 1821 2581 honoresEn·

295 2611 356 2649 σιον
382 2598 461 2662 ἕρκος
487 2599 675 2662 προλιπόντες
697 2599 771 2663 ἔβαν.
807 2601 899 2664 suppl.
922 2603 971 2651 746
998 2600 1044 2662 μό-
1071 2600 1220 2650 menidibus
1242 2597 1358 2649 habendi
1386 2600 1414 2647 in
1437 2599 1487 2649 fine
1513 2599 1621 2650 fabulae
1647 2600 1822 2662 cognominis,

294 2682 347 2730 νην
365 2666 395 2717 δέ
414 2668 450 2729 μή
470 2668 611 2732 πρόλειπε.
646 2668 719 2720 Pers.
737 2671 784 2719 961
806 2665 960 2728 Ἀγβάτανα
978 2682 1044 2732 πρό
1073 2683 1140 2733 (puae
1158 2667 1282 2716 sollemni
1300 2682 1397 2731 pompa
1414 2666 1558 2728 clauditur,
1578 2675 1758 2731 exponuntur,
1777 2667 1822 2715 sed

294 2733 386 2783 baudra
402 2749 434 2783 ex
457 2735 623 2800 apographis
642 2736 796 2785 restitutum
818 2751 866 2800 pro
892 2734 1046 2799 Ἀγβάτανα
1072 2735 1204 2799 quomodo
1229 2735 1348 2797 integrae
1371 2735 1526 2797 tragoediae
1549 2734 1759 2798 componendae,
1787 2735 1823 2782 ei·

295 2800 392 2851 λιπών.
788 2803 852 2864 ,μ’
1073 2818 1125 2868 que
1144 2801 1193 2851 tali
1212 2802 1308 2867 quales
1326 2800 1474 2865 Aeschylus
1496 2801 1588 2852 facere
1607 2802 1726 2852 solebat.
1751 2799 1821 2849 suffi-

328 2867 518 2931 πρόλεσχος
532 2881 646 2932 procaa.
671 2857 824 2934 Supplffl
839 2871 876 2934 μή
889 2868 1045 2933 πρόλεσχος
1074 2884 1133 2919 cers
1150 2869 1269 2932 potuerit
1286 2884 1340 2919 non
1358 2869 1528 2933 perspicitur.

294 2935 357 2997 μηδ’
383 2935 504 2998 ἐφολκὸς
531 2935 562 2986 έν
587 2936 663 2999 λόγῳ
694 2936 770 3002 γένη.
801 2938 849 2986 ubi
874 2937 956 2987 schol.
984 2954 1044 3002 exp.
1106 2931 1416 3000 προμηθίςρτουίάα.
1446 2936 1477 2991 V.
1496 2935 1662 3000 προμηθεύς.

208 3012 213 3023 “
294 3001 385 3052 πολλὰ
403 3002 591 3067 προοιμιάζου,
611 3010 639 3054 et
657 3007 685 3053 in
704 3004 872 3055 elioscholio
891 3002 961 3067 μήτε
980 3019 1045 3067 προ·
1106 3000 1316 3067 πρόμοςάαπ,
1325 3000 1461 3065 printeps.
1488 3004 1536 3066 Ag.
1550 3007 1598 3053 900
1612 3001 1741 3065 χείματος
1753 3001 1822 3052 άλλο

294 3069 361 3131 τέρα
379 3069 518 3133 κατάρχου
537 3073 588 3122 τοθ
606 3071 693 3132 λόγου
715 3070 785 3134 μήτε
809 3069 974 3136 ἀμειβομένη
998 3086 1045 3134 μα-
1072 3073 1162 3135 μῆχαρ
1180 3068 1342 3134 βριθύτερον
1357 3067 1488 3133 πρόμοισι
1506 3069 1601 3133 μάντις
1613 3071 1751 3130 ἔκλαγξεν.
1773 3071 1822 3133 Ag.

295 3136 428 3198 κρολόγει.
1071 3142 1120 3188 410
1131 3135 1164 3188 ίιύ
1174 3134 1208 3187 hb
1221 3137 1300 3198 δωμα
1309 3136 1388 3198 δῶμα
1402 3136 1445 3187 καί
1458 3137 1568 3200 πρόμοι.
1588 3140 1662 3188 Eum.
1673 3140 1721 3187 399
1736 3136 1823 3199 Ἀχαι·

328 3205 515 3267 πρόμαντις
533 3217 679 3272 macroce.
716 3204 763 3255 Cb.
783 3207 832 3255 766
849 3204 962 3256 τούτων
980 3205 1046 3271 πρό·
1072 3207 1114 3255 ιῑιν
1130 3203 1247 3268 ἄκτορές
1268 3218 1300 3256 τε
1323 3203 1367 3254 καί
1390 3203 1501 3267 πρόμοι.
1536 3205 1697 3269 6ιιρρ1,904
1720 3202 1823 3254 ίὼπό·

295 3284 388 3333 μαντις
407 3271 486 3324 ούσα.
1073 3274 1144 3332 λειυς
1170 3270 1233 3333 drot
1255 3269 1357 3337 πρόμοι
1383 3272 1434 3335 (οἱα
1454 3271 1591 3322 stanleias
1614 3288 1661 3337 pro
1682 3271 1822 3335 πρόμνοι),

329 3337 515 3403 προμάτωρ
545 3340 654 3396 (Dorice
678 3356 725 3405 pro
749 3337 917 3404 προμήτω)
944 3339 1046 3393 atacis.
1073 3340 1220 3402 δάμναμαι.

295 3405 367 3470 Sept.
389 3410 435 3456 140
454 3405 564 3470 Κύπρις,
583 3405 628 3456 ἅτ’
646 3406 672 3456 εἶ
690 3406 788 3468 γένους
806 3354 968 3471 προμότωρ.
1106 3402 1324 3471 προμυχθίζω
1345 3402 1428 3469 praei
1466 3404 1568 3458 συκίνου.
1605 3406 1681 3471 Sept.
1702 3409 1750 3456 160
1776 3407 1835 3472 κός

330 3472 504 3537 πρόμαχος
527 3477 724 3539 ρτομαρααιοτ.
761 3473 833 3540 Sept.
859 3477 909 3525 419
937 3473 1047 3537 πόλεως
1075 3476 1158 3537 ναβος
1175 3473 1207 3524 έν
1223 3472 1322 3532 πύλαις
1340 3471 1443 3536 χαλκοδ
1457 3486 1518 3522 των
1538 3473 1659 3525 σακέων.
1694 3473 1734 3522 Ad
1752 3473 1823 3522 bunc

295 3540 436 3605 πρόμαχος
454 3539 576 3605 όρνυται.
614 3545 686 3607 Sept.
704 3543 753 3591 162
773 3541 807 3592 ίιίι
830 3540 950 3605 πρόμαχ’
970 3541 1047 3606 taor
1073 3541 1183 3592 versum'
1197 3541 1263 3590 nihil
1276 3545 1435 3590 annotatum
1451 3540 1480 3589 in
1496 3540 1608 3590 scholiis
1620 3541 1762 3601 Mediceis;
1782 3557 1822 3590 re·

295 3608 398 3669 δόμων.
1073 3611 1207 3659 σταδίοισι
1224 3611 1389 3672 interpretes
1407 3607 1442 3656 ed
1454 3606 1571 3668 κόναβος
1584 3608 1741 3671 intelligunt
1754 3603 1822 3669 έστί,

329 3676 521 3739 προμήθεια
539 3674 729 3739 procidentia,
752 3675 850 3731 cautio,
888 3676 980 3742 Sappl.
1000 3681 1048 3729 176
1075 3677 1145 3742 quod
1162 3678 1213 3725 etsi
1232 3691 1308 3725 ncmo
1326 3675 1435 3739 ignorat
1447 3677 1604 3740 saepissime
1616 3677 1713 3737 omitti,
1734 3679 1823 3724 tamen

296 3743 340 3792 καί
362 3742 430 3794 τάπί
452 3742 552 3806 χέρσου
583 3745 634 3793 νῠν
659 3744 832 3807 προμήθειαν
856 3745 951 3807 λαβὼν
977 3742 1047 3795 αἰνῶ
1075 3745 1120 3809 qui
1147 3744 1336 3808 praecedentes
1365 3757 1459 3792 versus
1490 3743 1590 3792 similes
1619 3743 1822 3807 comparaverit,

296 3808 424 3873 φυλάξαι,
453 3811 499 3859 nbi
517 3812 545 3858 ia
563 3810 591 3858 M
609 3810 794 3874 προμήθειαν,
820 3814 864 3862 sed
882 3829 964 3876 supra
983 3816 1047 3863 scri·
1075 3826 1186 3876 quorum
1208 3810 1393 3875 uuusquisque
1415 3805 1614 3874 significant-ius
1638 3810 1748 3875 aliquod
1768 3825 1823 3858 ver-

297 3885 343 3941 pto
361 3894 382 3941 ι,
401 3880 418 3927 i.
437 3895 460 3928 c.
480 3875 647 3941 προμηθίαν.
670 3874 792 3943 Utraque
811 3880 896 3929 forma
912 3888 987 3930 recte
1002 3881 1046 3931 ha·
1073 3880 1135 3929 bum
1152 3878 1271 3928 additum
1289 3876 1379 3939 habet,
1398 3877 1443 3925 vix
1456 3877 1600 3926 verisimile
1620 3892 1679 3928 csse
1693 3878 1824 3927 iudicabit

296 3946 355 4007 bct,
378 3947 426 3995 sed
445 3946 542 4007 tragici
566 3943 706 4009 προμηθία
729 3948 855 3996 videntur
879 3948 1047 4011 praetulisse,
1074 3946 1177 3996 nullum
1195 3947 1304 4010 gravius
1322 3944 1454 4006 Aeschylo
1477 3944 1520 3992 hic
1543 3946 1571 3994 in
1594 3952 1718 4009 promptu
1740 3946 1824 3994 fuisse

296 4028 374 4076 qrram
392 4013 503 4062 formam
521 4013 592 4076 apud
611 4012 765 4076 Sophoclem
786 4023 814 4065 et
828 4015 980 4079 Euripidem
995 4031 1046 4065 me·
1073 4014 1185 4063 verbum
1202 4028 1281 4077 qnam
1299 4011 1386 4061 debile
1404 4011 1469 4061 illud
1486 4007 1555 4073 ἐστί,
1574 4012 1652 4077 idque
1671 4028 1704 4061 ne
1716 4027 1823 4076 expres-

297 4088 365 4129 trum
383 4081 482 4144 ubique
506 4080 551 4129 vel
569 4080 621 4128 fert
638 4081 682 4130 vel
705 4081 839 4144 postulat:
867 4082 900 4133 de
919 4098 972 4147 quo
991 4083 1047 4132 dixi
1073 4080 1271 4145 mquidem,
1293 4079 1341 4129 scd
1364 4079 1532 4144 cogitatione
1555 4079 1737 4145 supplendum.
1773 4079 1823 4128 Vc·

298 4150 325 4196 in
344 4148 424 4200 'l'hes
443 4147 495 4196 vol.
514 4149 529 4195 6
547 4162 572 4211 p.
592 4150 665 4199 1776.
1075 4164 1134 4199 rum
1152 4149 1195 4197 bic
1214 4161 1319 4212 quoque
1338 4146 1486 4209 Aeschylus
1510 4162 1564 4195 non
1587 4162 1649 4207 sua,
1673 4146 1719 4197 sed
1741 4146 1822 4196 libra-

330 4213 568 4279 προμηθέομαι
585 4211 728 4277 prospicio.
752 4217 796 4265 Pr.
809 4217 856 4266 381
876 4214 908 4267 έν
926 4220 967 4280 τῷ
981 4233 1045 4282 προ·
1074 4217 1173 4282 riorum
1200 4215 1280 4279 culpa
1306 4214 1348 4264 sui
1374 4212 1515 4262 dissimilis
1543 4213 1632 4263 factus
1658 4220 1707 4264 est.
1753 4215 1824 4264 lliuo

297 4282 441 4345 μηθεῑσθαι
464 4281 495 4332 δέ
514 4282 557 4333 καί
575 4282 683 4343 τολμόν
699 4277 761 4332 τίνα
781 4281 848 4347 δρᾷς
865 4283 985 4335 ένοθσαν
1001 4286 1045 4349 ζη·
1057 4301 1061 4322 ·
1073 4283 1177 4332 conieci
1195 4281 1312 4343 κόναβος
1330 4278 1558 4340 tractantem
1571 4279 1747 4344 προμυχθίζει
1760 4283 1823 4344 χαλ-

298 4346 373 4410 μίαν;
393 4350 438 4399 ubi
455 4349 483 4397 M
502 4350 708 4413 προθυμεῖσθαι.
736 4349 892 4401 correctum
911 4358 1046 4402 exanaot.
1073 4349 1200 4401 κοδὲτων
1220 4347 1346 4410 σακέων,
1369 4349 1492 4398 trimetro
1516 4348 1670 4398 dochmiaco
1692 4351 1762 4398 inter
1783 4350 1822 4397 di·

297 4417 381 4467 schol.
400 4417 445 4481 qui
465 4432 511 4479 per
529 4419 707 4481 προνοεῖσθαι
725 4417 850 4482 explicat.
1073 4425 1171 4468 metros
1199 4419 1302 4481 posito,
1329 4411 1552 4480 quemadmodum
1581 4419 1609 4466 in
1637 4417 1722 4479 prima
1743 4416 1823 4465 huius

330 4484 526 4547 προμηθεύς
549 4482 697 4547 procidus,
722 4483 901 4550 prospiciens.
947 4487 990 4537 Pr.
1013 4489 1046 4538 66
1073 4485 1199 4536 carminis
1225 4490 1304 4549 parto
1331 4483 1444 4532 trimetri
1468 4487 1495 4531 ct
1518 4484 1626 4534 dimetri
1651 4485 1729 4532 mixti
1751 4488 1822 4533 sunt.

297 4549 386 4601 αὐτόν
408 4551 460 4614 γάρ
484 4564 515 4601 σε
538 4551 578 4600 δεῖ
601 4551 775 4614 προμηθέως.
812 4551 906 4619 6ιιρρ1.
925 4557 976 4604 700
993 4554 1045 4604 for·
1073 4555 1139 4602 Post
1161 4551 1192 4602 ἐν
1209 4550 1309 4610 πύλαις
1330 4550 1398 4599 duae
1421 4550 1575 4601 exciderunt
1598 4550 1731 4613 syllabae,
1756 4566 1824 4613 quae

297 4635 339 4667 ma
352 4619 452 4668 Dorica
465 4618 625 4682 προμαθεύς
643 4620 820 4684 (προμηθεύς,
840 4622 883 4671 sed
902 4625 1045 4686 superseri·
1073 4623 1126 4671 etsi
1146 4620 1225 4669 facilc
1244 4621 1284 4668 sic
1302 4623 1416 4682 possunt
1434 4618 1555 4682 suppleri
1572 4623 1602 4667 ut
1619 4616 1649 4667 έν
1665 4617 1776 4668 πύλαισι
1794 4617 1824 4668 δέ

297 4693 343 4748 pto
367 4699 396 4747 α,
420 4688 457 4745 Μ)
481 4685 673 4748 εὐκοινόμητις
695 4685 776 4751 ἀρχό,
799 4689 845 4738 ubi
862 4694 977 4739 metrum
999 4706 1045 4752 po·
1073 4689 1221 4749 scribatur,
1242 4692 1331 4735 tamen
1350 4684 1516 4750 probabilius
1538 4691 1581 4734 est
1598 4685 1757 4734 vocabulum
1775 4686 1823 4734 ali·

298 4752 382 4801 strrlat
400 4752 545 4815 προμαθίς,
563 4754 633 4817 quod
652 4756 772 4805 restituit
790 4756 967 4807 Hermaaaus.
1073 4757 1144 4820 quod
1166 4753 1328 4817 disyllabum
1351 4751 1494 4810 excidisse,
1520 4754 1596 4802 velut
1618 4752 1688 4816 quod
1710 4755 1823 4818 exempli

330 4818 533 4883 Προμηθεύς
552 4819 735 4885 Proructbcas,
749 4823 836 4887 Iapeti
849 4824 954 4873 Titanis
966 4823 1046 4874 filius.
1072 4837 1157 4873 causa
1177 4822 1277 4871 inserui
1298 4817 1384 4872 δεινά.
1423 4819 1540 4869 Verbum
1563 4816 1741 4882 προμυχθίζει
1759 4835 1823 4885 sup-

297 4885 441 4937 Geriitivus
459 4887 632 4953 Προμηθέως
649 4890 692 4939 Ρι.
710 4892 768 4940 606.
790 4889 823 4940 ir.
843 4894 900 4943 233.
931 4892 1047 4942 Accusa·
1074 4891 1146 4954 plevi
1169 4905 1201 4939 cx
1223 4888 1316 4953 glossa
1332 4884 1465 4949 Hesychii
1486 4886 1526 4936 sic
1549 4888 1652 4950 scripte
1673 4888 1702 4935 in
1720 4888 1822 4949 codice,

297 4955 371 5003 tirus
396 4953 546 5017 Προμηθέα
574 4958 616 5006 Pr.
642 4958 675 5008 86
701 4960 759 5008 612.
798 4959 948 5008 vocativus
973 4955 1047 5022 l'lpo-
1072 4951 1582 5021 προμυχθίζειχαλκοδεσμωνόπλάινι
1600 4953 1824 5019 άντίτούπροσ-

297 5022 385 5083 μηθεύ
403 5022 446 5071 Pr.
469 5026 500 5072 66
525 5026 572 5074 143
595 5026 644 5072 ’243
662 5026 710 5074 976
728 5026 778 5075 266
795 5028 844 5075 607
863 5027 912 5075 319
930 5028 979 5075 677
997 5029 1046 5077 391
1072 5024 1185 5089 χωρίου.
1225 5025 1302 5086 Quae
1325 5023 1366 5073 sic
1389 5025 1452 5071 sunt
1474 5021 1502 5070 in
1525 5022 1645 5070 ordinem
1668 5021 1823 5087 redigenda,

296 5091 344 5138 397
364 5092 412 5139 643
430 5092 480 5139 664
498 5093 546 5139 614
564 5093 620 5141 961.
645 5090 675 5140 fr.
689 5094 745 5141 191.
763 5090 772 5156 β
790 5091 914 5157 Mytbam
933 5093 966 5144 de
979 5095 1046 5144 Pro·
1073 5091 1249 5156 προμυχθίζει
1267 5086 1446 5154 χαλκοδέτων
1462 5086 1587 5139 σακέυινι
1606 5087 1668 5137 άντι
1685 5091 1736 5139 τού
1755 5092 1824 5155 πρό-

297 5156 409 5216 methso,
434 5157 466 5206 dc
490 5172 542 5220 qno
566 5157 695 5208 videndus
719 5159 898 5223 Apollodorus
922 5163 949 5218 1,
974 5163 1003 5223 7,
1024 5164 1046 5224 1,
1073 5172 1116 5211 σω
1138 5162 1223 5224 χωρεῖ
1246 5155 1447 5222 χαλκοδέσμων
1470 5153 1577 5205 ὅπλων.
1618 5157 1731 5206 llrevius
1754 5159 1823 5209 Pho·

297 5222 382 5271 tribua
395 5223 493 5274 sabulis
507 5226 636 5275 tractavit
652 5225 811 5290 Aeschylus,
826 5227 970 5291 tragoediis
982 5228 1047 5278 dua·
1074 5228 1129 5278 tias
1151 5245 1177 5293 p.
1200 5230 1258 5289 466,
1280 5227 1313 5276 26
1337 5220 1629 5288 cooperatricem
1653 5227 1749 5288 λωρέἳι
1778 5229 1824 5278 ubi

297 5290 358 5351 bus,
377 5287 521 5354 Προμηθεῖ
539 5291 684 5358 δεσμώτῃ,
703 5309 770 5359 quae
790 5299 922 5358 superest,
940 5300 968 5344 et
985 5295 1046 5347 boo·
1073 5291 1235 5359 προμυθίΖει
1256 5307 1306 5358 pro
1328 5289 1506 5354 προμυχθίζει
1529 5291 1571 5340 ναί
1599 5291 1704 5341 librarii
1733 5311 1822 5344 errore

297 5355 386 5419 μένῳ,
411 5358 504 5408 tabula
521 5360 642 5424 satyrica
661 5376 726 5422 una,
749 5376 817 5424 quae
840 5361 956 5426 simplici
973 5359 1046 5426 Προ-
1073 5363 1205 5427 scriptum
1224 5365 1266 5411 est
1283 5357 1327 5408 vel
1346 5359 1431 5423 ipsius
1444 5356 1543 5420 Photii‚
1562 5374 1642 5423 quum
1656 5359 1748 5422 glossa
1759 5366 1822 5411 ante

297 5424 407 5503 μηθέως
425 5426 532 5474 nomine
551 5428 683 5493 inscripta
696 5428 749 5478 suit
766 5429 800 5478 ab
812 5427 954 5492 Aeschylo,
973 5427 1046 5494 l'lpc·
1073 5425 1231 5494 προμυλαία
1254 5427 1344 5493 posita
1362 5428 1411 5487 sit,
1433 5426 1486 5475 etsi
1503 5425 1566 5476 huic
1589 5435 1747 5488 argumento
1769 5443 1823 5478 aon

295 5494 399 5607 tlbb
417 5492 1823 5629 61716..,7.,6177166167661ι66676667776166..27176636

296 5626 336 5674 ed.
355 5627 442 5677 Oxou.
462 5644 488 5692 p,
500 5631 526 5691 8,
546 5632 557 5677 1
577 5628 667 5694 ταύτῃ
685 5629 731 5681 καί
749 5629 860 5694 άριστος
879 5626 917 5692 είς
935 5646 1044 5699 τραγῳ-
1057 5629 1060 5644 “
1071 5634 1127 5684 sito
1145 5631 1373 5696 ἀναμυχθίζεσθαι
1390 5628 1545 5693 Aeschylus
1567 5644 1633 5680 usus
1655 5636 1695 5679 eat
1712 5632 1741 5680 ia
1758 5630 1823 5680 Pron
1864 5661 1867 5666 ·

295 5690 357 5742 δίαν
384 5692 520 5757 Αἰσχύλος
549 5693 685 5761 κρίνεται,
712 5695 755 5749 ότι
779 5695 882 5763 εἰσάγει
904 5700 1046 5762 πρόσωπα
1071 5701 1181 5752 matheo
1198 5717 1225 5752 ν.
1242 5703 1300 5751 749.

1574 5783 1627 5841 20*
