4300 6317
1814 931 2090 995 συμμιγής
2123 959 2259 969 --
2296 931 2405 984 σύν

2095 1037 2339 1043 ——-—
2366 1036 2673 1044 .———--..——-
2726 1037 2877 1044 ———
2930 1036 3021 1042 ———

3520 927 3648 991 339

581 1089 603 1131 1
655 1100 707 1148 p.
756 1083 853 1145 44)
905 1086 1234 1135 coniectura.
1315 1087 1468 1135 Eum.
1522 1088 1618 1136 531
1674 1084 1983 1150 ξύμμετρον
2035 1084 2086 1136 δ’
2140 1083 2231 1136 καί
2268 1083 2322 1136 σ’
2356 1084 2690 1136 ἐποπτεύων
2724 1084 3005 1149 πρόφρων
3050 1082 3176 1143 θεὸς
3214 1081 3493 1146 φυλάσσοι
3536 1095 3646 1131 και-

577 1151 710 1210 ἔπος
767 1150 932 1212 λέγω.
983 1151 1003 1214 u
1051 1155 1544 1217 contemporaneus.
1625 1151 1725 1202 ch.
1771 1155 1864 1203 611
1913 1153 2085 1205 δαλὸν
2142 1151 2307 1215 ρίοισι
2344 1157 2669 1216 συμφοραῖς.
2754 1155 2902 1203 Eum.
2943 1155 3069 1202 1031
3118 1150 3274 1210 ὅπως
3314 1151 3381 1199 ἂν
3420 1150 3648 1211 εὔφρων

577 1219 755 1280 ἥλικα,
798 1245 848 1253 -
895 1219 1215 1284 σύμμετρόν
1250 1235 1313 1271 τε
1345 1221 1452 1271 διαὶ
1477 1221 1613 1282 βίου.

591 1352 596 1356 .
643 1286 979 1348 συμμῖγής
1016 1286 1363 1342 commixtus.
1402 1287 1748 1349 coniunctus,
1785 1286 2081 1339 cohaerens.

578 1355 724 1417 Sept.
762 1357 861 1404 740
897 1354 1061 1404 πόνοι
1098 1355 1290 1415 δόμων
1327 1356 1443 1408 νέοι
1479 1358 1762 1409 παλαιοῖσι
1801 1359 2085 1419 συμμιγεῖς

578 1424 782 1481 κακοῖς.

645 1487 1066 1550 συμμίγνυμι
1103 1488 1426 1543 cmnnzisceo.
1493 1491 1593 1555 Ag.
1630 1495 1728 1543 648
1764 1494 1887 1552 πῶς
1922 1491 2087 1543 κεδνὰ

578 1560 694 1615 τοῖς
733 1559 948 1607 κακοῖσι
986 1554 1265 1619 συμμίξω;
1323 1561 1468 1622 Sept.
1505 1560 1600 1608 611
1649 1558 1919 1611 ἀνοσίοισι
1956 1571 2085 1622 συμ·

581 1624 752 1685 μιγεὶς
791 1624 1262 1685 θρασυστόμοισιν
1298 1623 1540 1689 ἀνδράσι.

547 1743 554 1752 ,
649 1692 1250 1753 συμπαραστατέω
1289 1691 1502 1754 assi-310,
1537 1691 1766 1744 adiutor
1789 1692 1961 1746 adsto·
1999 1697 2085 1744 Pr.

541 1821 548 1826 -
583 1759 679 1808 218
719 1757 905 1808 ἑκόνθ’
940 1758 1125 1808 ἑκόντι
1161 1758 1300 1823 Ζηνὶ
1339 1765 1854 1825 συμπαραστατεῖν.

616 1824 919 1942 ἰσῶιμτιας
971 1829 1214 1877 cunctus.
1303 1827 1392 1878 Fr.
1444 1831 1560 1890 281,
1603 1833 1634 1880 3
1687 1827 1978 1890 ξύμπαντά
2029 1829 2091 1879 τ’

584 1907 608 1943 ε
637 1908 674 1942 π
733 1909 780 1941 ν.

652 1972 682 2009 o
699 1975 730 2010 u
745 1960 1035 2021 μπέμπω
1061 1959 1225 2012 simul
1244 1960 1418 2025 mitta,
1441 1961 1683 2014 comitem
1700 1962 1870 2019 mitto.
1908 1963 2091 2028 Suppl.

584 2030 682 2077 493
737 2026 981 2088 ὀπάονας
1035 2028 1096 2080 δέ
1143 2028 1465 2094 φράστοράς
1518 2030 1578 2081 τ’
1625 2029 1915 2095 ἐγχωρίων
1964 2031 2090 2096 ξύμ-

588 2109 830 2158 πεμψον.

654 2162 1009 2223 συμπενθέ
1021 2178 1067 2213 ω
1104 2162 1370 2218 condoleo.
1441 2163 1535 2214 Ch.
1565 2169 1660 2216 199
1696 2163 1812 2228 εἶχε
1848 2179 2090 2229 συμπεν-

589 2230 709 2280 θεῖν
735 2229 853 2291 ἐμοὶ
881 2229 1098 2293 ἄγαλμα
1132 2232 1341 2294 τύμβου
1367 2232 1532 2284 τοῦδε
1558 2235 1647 2283 καί
1672 2234 1841 2297 τιμὴν
1864 2234 2092 2298 πατρός.

655 2296 1017 2358 συμπίπτω
1055 2297 1258 2350 accido,
1330 2300 1481 2351 Eum.
1507 2304 1606 2351 336
1640 2305 1821 2352 τοῖσιν
1862 2301 2091 2366 αὐτουρ-

587 2362 698 2423 γίαι
759 2365 1118 2426 ξυμπέσωσιν
1177 2365 1411 2428 μάταιαι.
1505 2367 1596 2416 Sic
1655 2369 1937 2420 Turnebus
1996 2384 2092 2434 pro

590 2431 809 2548 ξιύμπασ
856 2446 1026 2495 ωσιν,
1073 2434 1214 2498 quod
1259 2443 1342 2486 est
1380 2438 1436 2484 in
1483 2435 1537 2484 M
1582 2437 1639 2485 in
1684 2436 1790 2486 duo
1826 2436 2093 2487 vocabula

592 2517 604 2545 ί
629 2516 844 2552 lvlssllm.

658 2565 1019 2629 συμπίτνω
1064 2566 1305 2620 collidor.
1373 2571 1461 2619 Pr.
1497 2574 1596 2622 432
1633 2571 1736 2635 βοᾷ
1769 2569 1832 2622 δὲ
1866 2571 2094 2632 πόντιος

591 2633 814 2684 κλύδων
858 2633 1181 2697 ξυμπίτνων
1229 2635 1576 2699 (ξυμπίτνων
1622 2638 1823 2703 duplici
1872 2645 2092 2688 accentu

591 2699 693 2764 Μ),
730 2700 915 2752 στένει
952 2703 1130 2764 βυθός.
1157 2703 1177 2767 ΙΙ
1200 2702 1365 2755 sinaeul
1400 2703 1613 2766 incida,
1654 2718 1927 2759 concurro,
2000 2705 2094 2755 Ch.

592 2771 691 2818 299
727 2770 926 2820 πολλοὶ
963 2770 1068 2833 γὰρ
1105 2768 1182 2831 εἰς
1218 2769 1280 2821 ἓν
1313 2772 1718 2834 συμπίτνουσιν
1752 2771 1951 2837 ἵμεροι,
1999 2775 2092 2823 ubi

593 2835 999 2914 συμπίτνουσιν
1045 2856 1120 2903 pr.
1170 2842 1250 2899 M,
1300 2842 1368 2890 ab
1414 2841 1523 2891 alia
1566 2856 1722 2890 manu
1765 2842 1996 2905 antiqua
2039 2842 2092 2890 in

592 2915 1003 2965 συμπιπτουσιν
1039 2912 1327 2957 mutatum.

662 2971 1141 3033 συμπλουτίζω
1175 2972 1342 3025 simul
1368 2972 1497 3029 dito.
1555 2978 1630 3026 Im
1673 2977 1848 3041 roprie
1877 2979 1972 3038 Ag.
1997 2977 2096 3026 586

595 3054 686 3101 per
722 3043 911 3088 tmesin
955 3040 1143 3103 δόμοις
1190 3040 1250 3091 δὲ
1284 3044 1462 3093 ταῦτα
1506 3043 1597 3092 καί
1685 3044 2095 3107 λυταιμνήστρᾳ

595 3105 783 3167 μέλειν
826 3103 971 3167 εἰκὸς
1017 3108 1278 3170 μάλιστα,
1333 3110 1438 3160 σὺν
1491 3108 1552 3160 δὲ
1605 3109 1919 3162 πλουτίζειν
1977 3109 2092 3172 έμέ.

596 3175 736 3236 quod
775 3174 1070 3224 'triclinius
1115 3191 1232 3241 exp.
1270 3177 1447 3239 ἤγουν
1483 3177 1831 3239 μεταδιδόναι
1868 3193 1956 3240 μοι
1990 3179 2094 3227 τοῦ

601 3240 885 3302 τοιούτου,
931 3243 1053 3304 ἤτοι
1090 3245 1190 3305 τῆς
1226 3245 1411 3309 χαρᾶς.
1481 3246 1719 3294 Alterum
1753 3245 1912 3295 huius
1949 3245 2094 3294 verbi

595 3308 897 3371 exemplum
941 3317 1023 3359 cst
1066 3310 1208 3375 apud
1253 3310 1788 3375 Pseudo-Chrysost.
1834 3311 1995 3362 Serm.
2031 3315 2096 3362 89

595 3373 700 3427 vol.
746 3378 774 3424 7
827 3392 874 3440 p.
921 3378 1043 3436 519,
1088 3382 1153 3428 35
1208 3379 1297 3428 καί
1340 3381 1442 3428 τοῦ
1481 3383 1736 3442 σωτῆρος
1778 3379 1884 3431 τὸν
1923 3380 2096 3430 τόκον

597 3440 910 3505 ἐπλούτησε
948 3445 1037 3493 καί
1073 3444 1215 3506 αὐτή
1256 3445 1703 3510 συνεπλουτίσθη
1740 3451 1810 3512 τῇ
1848 3445 2042 3511 χάριτι.

535 3533 540 3538 -
664 3510 987 3568 συμπνέω
1023 3511 1285 3576 conspim.
1348 3518 1448 3578 Ag.
1481 3516 1574 3565 186
1609 3512 1859 3576 ἐμπαίοις
1881 3514 2097 3577 τύχαισι

598 3576 919 3638 συμπνέων.

666 3641 1138 3710 [συμπολίτηςι
1206 3646 1351 3712 Sept.
1403 3650 1500 3699 605
1554 3647 1911 3712 ξυμπολίταις
1960 3651 2098 3700 male

596 3725 779 3776 apogr.
816 3712 1074 3763 nonnulla
1113 3731 1205 3778 pro
1242 3716 1341 3766 ξὺν
1376 3713 1670 3784 πολίταις.]

664 3780 1033 3840 συμπονέω
1088 3779 1354 3838 condoleo.
1429 3784 1514 3834 Pr.
1550 3788 1648 3836 274
1700 3785 2098 3850 συμπονήσατε

597 3849 681 3910 τῷ
719 3849 821 3895 νῦν
860 3851 1138 3908 μογοῦντι.
1601 3875 1606 3880 -

667 3925 742 3964 συ
756 3929 843 3975 μπ
858 3915 1084 3976 ράσσω
1123 3914 1184 3966 in
1206 3914 1446 3968 alicuius
1469 3916 1767 3971 utilitatem
1789 3918 1954 3983 facio.
2009 3922 2097 3976 Pr.

2139 1221 2229 1280 ἥδ’
2264 1218 2448 1280 ὁμιλία
2483 1221 2686 1284 χθονὸς
2729 1220 2799 1270 τὸ
2836 1219 3040 1271 λοιπὸν
3083 1217 3398 1280 εὐάνδροισι
3438 1231 3647 1278 συμφο-
3753 1266 3756 1270 .

2142 1291 2259 1350 ραῖς
2298 1287 2501 1353 πρέπῃ.
2574 1291 2671 1339 897
2711 1291 2793 1352 τῷ
2831 1286 2937 1350 γὰρ
2973 1287 3194 1348 σέβοντι
3233 1286 3522 1347 συμφορὰς
3561 1287 3648 1347 ὀρ·
3746 1295 3751 1299 ·

2142 1355 2419 1416 θώσομεν.
2505 1359 2634 1406 1020
2683 1353 2967 1418 μετοικίαν
3014 1356 3061 1403 δ’
3098 1352 3237 1417 ἐμήν
3284 1352 3649 1413 εὐσεβοῦντες

2141 1423 2265 1473 οὔτι
2302 1422 2587 1485 μέμψεσθε
2624 1423 2915 1486 συμφοράς
2952 1419 3089 1483 βίου.
3132 1419 3152 1486 Ι
3197 1421 3548 1484 Frequentius
3588 1421 3650 1468 ‹le

2144 1492 2292 1554 tristi
2328 1497 2523 1542 eventu
2549 1507 2590 1542 s.
2617 1490 2928 1541 calamitate
2970 1489 3190 1539 dicitur.
3244 1489 3328 1539 l'r.
3354 1492 3445 1536 391
3488 1495 3519 1545 ι’]
3562 1487 3649 1548 σὴ,

2141 1546 2466 1623 Προμηθεῦ,
2505 1557 2769 1623 συμφορά
2793 1557 3136 1617 διδάσκαλος.
3189 1558 3285 1605 758
3321 1553 3478 1616 τήνδ’
3507 1552 3649 1604 ἰδοῦ-

2144 1639 2219 1678 σα
2272 1624 2584 1690 συμφοράν.
2665 1629 2763 1676 974
2816 1623 2852 1686 ἢ
2907 1623 3043 1686 κάμέ
3097 1622 3202 1686 γάρ
3255 1636 3306 1671 τι
3361 1624 3650 1684 συμφορᾶς

2144 1695 2250 1758 (sic
2287 1709 2353 1742 cx
2390 1709 2576 1776 apogr.
2618 1709 2712 1757 pro
2761 1695 3094 1755 συμφοραῖς)
3133 1689 3377 1754 ἐπαιτιᾷς
3428 1689 3591 1752 Sept.·
3621 1693 3650 1737 5

2147 1757 2196 1811 εἰ
2232 1760 2281 1812 δ’
2318 1758 2423 1810 αῦθ
2446 1797 2459 1822 ,
2496 1759 2529 1810 δ
2567 1761 2639 1822 μή
2676 1758 2919 1822 γένοιτο,
2956 1758 3216 1823 συμφορὰ
3252 1757 3424 1819 τύχοι.
3467 1758 3646 1807 Ῥέης.

2146 1832 2242 1879 291
2288 1825 2622 1890 ὑπερβάλλει
2674 1826 2780 1891 γάρ
2830 1826 2930 1890 ἥδε
2984 1823 3261 1890 συμφορά.
3344 1826 3442 1873 439
3491 1822 3650 1874 λέξον

2144 1894 2254 1946 τίν’
2289 1893 2358 1946 αὖ
2394 1894 2505 1960 φῂς
2542 1894 2709 1958 τήνδε
2749 1894 3046 1957 συμφορὰν
3082 1895 3306 1956 στρατῷ
3344 1890 3529 1941 ἐλθεῖν
3558 1905 3647 1940 κα-

2150 1965 2286 2014 κῶν.
2361 1967 2489 2014 1030
2524 1961 2744 2014 πέπλον
2770 1962 2819 2012 δ’
2843 1959 3103 2025 ἐπέρρηξ’
3137 1959 3227 2009 έπί
3266 1962 3527 2023 συμφορᾷ
3559 1973 3647 2008 κα-

2147 2033 2268 2081 κού.
2335 2033 2435 2080 436
2480 2028 2659 2081 τοιάδ’
2703 2030 2791 2079 ἐπ’
2826 2027 3032 2089 αὐτοὺς
3065 2027 3203 2090 ἦλθε
3243 2027 3503 2089 συμφορά
3549 2024 3649 2076 πά-

2146 2099 2295 2158 θους.
2364 2100 2464 2148 445
2500 2096 2556 2148 οἲ
2582 2096 2682 2158 ’γὼ
2718 2095 2951 2148 τάλαινα
2976 2097 3280 2158 συμφορᾶς·
3307 2096 3493 2157 κακῆς.
3551 2097 3645 2142 471

2147 2165 2368 2217 τοιάνδε
2404 2178 2491 2216 σοι
2537 2164 2679 2229 πρός
2713 2167 2783 2229 τῇ
2822 2162 3051 2228 πάροιθε
3099 2162 3396 2227 συμφοράν
3433 2160 3650 2212 στένειν

2149 2231 2317 2296 πάρα.
2367 2235 2467 2285 846
2502 2232 2741 2294 μάλιστα
2764 2232 2813 2282 δ’
2835 2232 2934 2293 ἥδε
2971 2231 3233 2295 συμφορά
3258 2229 3459 2282 δάκνει.
3522 2232 3652 2279 1044

2150 2300 2340 2366 βαρεῖά
2391 2300 2447 2362 γ’
2490 2299 2587 2350 ἅδε
2641 2298 2916 2364 συμφορά.
2996 2301 3099 2364 43.
3158 2301 3220 2349 18
3273 2296 3430 2348 οἴκου
3483 2296 3649 2347 τοῦδε

2150 2367 2447 2433 συμφορὰν
2495 2368 2728 2420 στένων.
2799 2370 2897 2418 325
2942 2367 3064 2417 τῶν
3100 2365 3362 2416 ἁλόντων
3400 2364 3488 2413 καί
3525 2377 3649 2428 κρα-

2148 2434 2449 2502 τησάντων
2485 2433 2608 2499 δίχα
2644 2433 2896 2498 φθογγὰς
2931 2432 3159 2484 ἀκούειν
3205 2432 3323 2483 ἐστὶ
3360 2432 3651 2493 συμφορᾶς

2148 2504 2361 2566 διπλῆς.
2429 2506 2526 2553 572
2564 2502 2653 2553 καί
2690 2502 2873 2553 πολλὰ
2907 2500 3117 2565 χαίρειν
3148 2502 3460 2563 συμφοραῖς
3496 2499 3652 2562 (συμ-

2148 2571 2327 2636 φορὰς
2363 2569 2732 2630 Blomfieldus)
2777 2570 3035 2621 καταξιῶ.
3106 2567 3202 2618 ch.
3243 2570 3301 2617 12
3348 2564 3481 2630 ποίᾳ
3527 2568 3652 2626 ξυμ-

2149 2641 2300 2704 φορᾷ
2333 2636 2717 2702 προσεικάσω;
2765 2642 2822 2688 31
2865 2635 3041 2688 οἴκων
3076 2634 3403 2697 ἀγελάστοις
3441 2637 3648 2697 ξυμφο-

2150 2705 2274 2771 ραῖς
2318 2705 2753 2769 πεπληγμένων.
2824 2707 2923 2755 718
2975 2702 3428 2765 βουλευσόμεσθα
3479 2700 3650 2763 τῆσδε

2150 2775 2441 2837 συμφορᾶς
2483 2772 2630 2836 πέρι.
2710 2775 2804 2823 931
2854 2771 3146 2831 στένωμεν
3191 2768 3293 2820 οὖν
3339 2770 3426 2818 καί
3469 2767 3651 2818 τῶνδε

2150 2840 2446 2905 συμφορὰν
2481 2841 2699 2901 διπλῆν.
2756 2839 2907 2889 Eum.
2933 2842 3031 2889 437
3068 2837 3226 2897 λέξας
3262 2836 3322 2887 δὲ
3347 2836 3537 2900 χώραν
3562 2837 3650 2886 καί

2148 2911 2327 3028 γένοςὲ
2349 2908 2438 2959 καί
2488 2906 2772 2972 ξυμφορὰς
2815 2905 2917 2967 τὰς
2953 2904 3069 2967 σάς.
3140 2908 3239 2955 599
3276 2906 3532 2969 ξυμφορᾷ
3566 2917 3652 2954 τε·

2149 2991 2298 3039 τυμμ
2332 2989 2441 3036 νος.
2786 3039 2797 3050 .
3186 3037 3197 3048 ·
3265 3038 3274 3047 ⁸

2149 3056 2444 3171 «εἷτᾋῖἕρ
2457 3054 2956 3172 ἕβζε·ωε’ἐῗῶἑὲῗὲ’
2973 3054 3323 3169 τὲξῶᾞῗὲ
3378 3039 3653 3155 ..ῖῖξιηιζὶῖ

2150 3195 2249 3243 pro
2283 3177 2576 3296 ξύμίφρονα
2610 3175 2804 3238 ταγάν.
2877 3177 2973 3226 Ch.
3008 3178 3107 3228 802
3145 3174 3361 3236 κλύετε,
3401 3174 3653 3237 σύμφρο-

2150 3260 2209 3297 νε
2277 3247 2409 3296 θεο.

2213 3261 2572 3377 σύμφυτος
2607 3325 2729 3364 cum
2762 3309 2952 3375 aliquo
2984 3311 3167 3362 natus.
3237 3311 3335 3375 Ag.
3376 3312 3468 3358 107
3512 3305 3653 3371 ἀλκᾷ

2150 3379 2441 3445 σύμφυτος
2463 3377 2623 3431 αἰών.
2650 3377 2670 3444 Ι
2695 3381 2970 3445 coornatus.
3026 3381 3121 3428 153
3157 3377 3388 3427 νεικέων
3411 3374 3651 3427 τέκτονα

2151 3447 2464 3512 σύμφυτον.

2227 3516 2351 3569 σύν
2407 3514 2493 3565 vel
2544 3514 2661 3566 ξύν.

2156 3585 2435 3648 utriusque
2475 3584 2678 3632 for-mne
2712 3596 2813 3632 usu
2838 3586 3127 3645 praecepta
3165 3579 3397 3628 collecta
3435 3585 3559 3629 sunt
3594 3578 3650 3625 in

2155 3650 2431 3701 Thesauro
2466 3651 2574 3700 vol.
2600 3651 2629 3699 7
2668 3665 2718 3714 p.
2748 3651 2875 3699 1165
2903 3649 3047 3706 1166,
3086 3648 3402 3712 quibuscum
3428 3648 3470 3695 si
3508 3643 3649 3694 codi-

2153 3734 2274 3770 cum
2311 3719 2659 3783 quantumvis
2704 3718 2849 3767 inter
2888 3721 3170 3779 utramque
3214 3716 3482 3763 fluctuans
3522 3714 3648 3762 scri-

2153 3793 2315 3852 ptura
2357 3793 2724 3849 comparetur,
2776 3787 2988 3833 tentum
3032 3782 3341 3862 ingelligere
3392 3780 3648 3842 videmur,
3722 3795 3727 3800 ·

2156 3855 2367 3904 Atticos
2401 3859 2618 3903 veteres
2655 3850 2754 3904 ξὺν
2797 3849 2963 3915 (quod
2997 3851 3053 3900 in
3089 3849 3534 3913 inscriptionibus
3571 3848 3648 3896 in·

2751 3513 3230 3564 Grammaticorum
3286 3519 3527 3561 veterum
3585 3509 3649 3558 de

2155 3921 2365 3972 terdum
2401 3917 2582 3971 ΧΕΥΝ
2622 3920 2883 3983 scriptum
2906 3916 3012 3980 est)
3047 3918 3228 3982 potius
3261 3916 3461 3965 dixisse
3490 3930 3648 3979 quam
3719 3919 3728 3954 ἰ

599 3983 698 4030 295
727 3982 949 4042 σήμαιν’
973 3982 1004 4033 ὅ
1029 3997 1080 4033 τι
1109 3983 1210 4048 χρή
1237 3997 1325 4036 σοι
1350 3986 1754 4050 συμπράσσειν.
1807 3990 1900 4039 Sic
1927 3991 2130 4056 Brun-1
2155 3988 2285 4046 σύν,
2337 3994 2549 4052 postero
2594 4002 2719 4037 vero
2759 3994 2991 4051 tempore
3036 3986 3175 4033 lianc
3214 3986 3537 4047 scripturam
3574 3983 3650 4031 ita

600 4048 757 4097 ckius
793 4065 888 4113 pro
926 4051 1317 4115 συμπράττειν.
2157 4059 2212 4107 in
2245 4055 2659 4120 desuetudinem
2683 4054 2894 4103 venisse
2929 4058 2991 4103 ut
3027 4052 3133 4102 iam
3160 4051 3304 4116 apud
3330 4050 3648 4113 Xenophon-

667 4119 1068 4180 συμπρεπής
1103 4117 1438 4172 conveniens.
1514 4118 1692 4188 [Sept.
1732 4127 1794 4174 13
1842 4125 1899 4174 in
1939 4140 2100 4176 versu
2156 4135 2258 4174 tem
2298 4123 2455 4173 nulls
2496 4124 2615 4173 eius
2657 4120 2904 4185 exempla
2948 4120 3310 4185 reperiantur,
3359 4118 3464 4167 nisi
3510 4116 3648 4181 quod

600 4183 1002 4247 interpolatoris
1040 4185 1193 4250 ὤραν
1235 4187 1419 4250 ἔχονθ’
1459 4187 1697 4241 ἕκαστον
1739 4189 1786 4256 ᾧ
1823 4190 1927 4243 ’στι
1970 4205 2100 4255 συμ·
2152 4207 2259 4242 uno
2295 4191 2578 4256 alteroque
2620 4189 2737 4240 loco
2786 4190 2842 4238 in
2886 4187 3039 4238 libris
3083 4185 3446 4237 deterioribus
3493 4185 3650 4233 illata

598 4250 852 4316 πρεπές]
912 4250 1099 4318 Snppl.
1125 4257 1224 4304 458
1249 4255 1424 4318 τύχαν
1447 4260 1730 4340 γυναικῷν
1764 4260 1944 4309 ταῦτα
1967 4273 2099 4321 συμ-
2151 4264 2236 4311 est
2259 4259 2325 4309 ab
2350 4258 2608 4318 librariis,
2636 4254 3074 4323 quemadmodum
3099 4256 3155 4304 in
3180 4254 3461 4334 Herodoti,
3497 4267 3649 4317 quem

598 4318 1997 4456 235³tritta&“txfl‘ssz’zfssssztuff“ssxvtifftz
2042 4343 2099 4445 ἒξ
2151 4324 3141 4458 sizsssstsmffistisffaffimat:
3168 4321 3348 4451 5333?
3374 4334 3489 4439 33¹:

599 4453 813 4513 γυναικί
867 4456 1225 4508 Hermannus.
1299 4458 1524 4510 Weilius
1579 4461 1814 4512 coniecit
1865 4460 1990 4525 τάχ’
2031 4461 2101 4514 ἂν
2155 4471 2305 4528 ptum
2341 4461 2584 4524 idemque
2619 4459 2743 4509 aliis
2778 4459 3139 4523 scriptoribus
3175 4457 3376 4518 multis,
3416 4457 3505 4519 qui
3529 4455 3648 4505 sola

597 4524 879 4582 γυναικῶν
914 4526 1094 4574 ταῦτα
1128 4524 1443 4589 συμπρέποι
1479 4528 1674 4592 στολῇ.
2152 4532 2237 4580 usi
2274 4538 2402 4579 sunt
2436 4530 2611 4579 forma
2645 4525 2768 4589 σύν,
2806 4526 3021 4576 illatum
3057 4532 3167 4576 est:
3204 4525 3267 4574 de
3293 4540 3396 4588 quo
3422 4524 3559 4572 dixit
3588 4525 3648 4572 12.

667 4587 991 4653 συμφέρω
1039 4591 1267 4654 confero,
1339 4593 1482 4658 Sept.
1518 4598 1617 4644 510
1660 4596 1723 4644 ‹le
1768 4596 2100 4648 conflicturis
2153 4596 2461 4648 Dindoffius
2503 4597 2561 4646 in
2598 4593 2768 4644 Prsef.
2812 4593 2878 4643 ul
2922 4592 3165 4657 Xenoph.
3214 4592 3386 4641 Anah.
3436 4609 3485 4656 p.
3524 4592 3649 4640 VIII

601 4655 743 4704 inter
790 4672 845 4706 se
891 4657 1212 4710 ξυνοίσετον
1257 4660 1315 4711 δέ
1360 4659 1658 4722 πολεμίους
1709 4661 1799 4715 ἐπ’
1842 4662 2100 4715 ἀσπίδων
2149 4665 2235 4715 ed.
2282 4665 2453 4715 Oxon.
2531 4663 2733 4713 Poetae
2778 4661 2984 4712 scenici
3028 4676 3157 4711 vero
3209 4665 3438 4724 utraque
3481 4660 3651 4708 forma

601 4722 780 4782 θεούς.
855 4726 1001 4775 Pers.
1049 4729 1147 4776 528
1193 4725 1331 4788 ὑμᾶς
1376 4727 1436 4778 δὲ
1478 4730 1582 4791 χρὴ
1632 4730 1707 4781 ’πί
1751 4730 1939 4782 τοῖσδε
1983 4731 2241 4812 τοῖςξαεί
2277 4737 2430 4794 sunt,
2478 4736 2539 4780 ut
2572 4729 3017 4798 versusffllurimi
3054 4726 3255 4778 docent
3292 4742 3512 4791 quorum
3549 4741 3649 4774 me-

591 4790 1007 4854 πεπραγμένοις
1042 4797 1285 4846 πιστοῖσι
1329 4796 1501 4847 πιστὰ
1538 4796 1835 4862 ξυμφέρειν
1875 4798 2295 4862 βουλεύ··ιι·αιη
2339 4800 2425 4850 vel
2472 4797 2579 4850 σύν
2611 4797 2696 4847 vel
2741 4795 2839 4848 ξύν
2882 4795 3153 4862 postulat,
3200 4797 3305 4845 etsi
3354 4811 3476 4844 rara
3524 4800 3650 4842 sunt

600 4871 761 4916 ματα.
788 4857 807 4922 ΙΙ
833 4858 1092 4913 condono.
1164 4863 1317 4916 Eum.
1351 4865 1449 4914 847
1492 4862 1662 4927 ὀργὰς
1697 4863 1936 4917 ξυνοίσω
1979 4880 2095 4919 σοι·
2150 4866 2394 4931 exempla
2431 4881 2570 4930 quae
2606 4864 2707 4916 ξύν
2751 4862 3031 4929 postulent
3075 4861 3205 4926 (tria
3236 4862 3380 4925 apud
3415 4862 3650 4923 Aeschy·
3698 4867 3709 4878 ‘

598 4927 889 4989 γεραιτέρα
921 4927 1028 4994 γὰρ
1076 4927 1143 4979 ei.
1213 4929 1388 4982 Schol.
1433 4929 1684 4995 φέρουσα
1719 4932 1817 4994 τὰς
1853 4932 2037 4998 ὀργάς.
2081 4933 2099 5000 ΙΙ
2148 4935 2277 4994 lum,
2316 4935 2402 4984 Pr.
2438 4935 2533 4984 521
2572 4930 2604 4983 ὃ
2641 4929 3015 4995 ξυναμπέχεις.
3088 4929 3236 4994 Sept.
3264 4933 3361 4979 839
3398 4928 3493 4979 ἅδε
3531 4930 3649 4980 ξυν-

598 4993 870 5072 συΑμφέρει
906 4993 1187 5058 conducit,
1221 4994 1395 5048 iuvat.
1439 5003 1538 5050 520
1574 4998 1836 5064 ξυμφέρει
1872 5013 2096 5065 σωφρο-
2121 4983 2128 5060 Ι
2149 4999 2327 5054 αυλία.
2396 5002 2493 5065 Ag.
2524 4998 2881 5068 ‚ljthtcpwvfi-
2910 4995 3477 5060 ξύμβολα)ν1)ἶ“ῐὶῐ“ὓ»
3515 5014 3651 5062 (1111ιθ

599 5075 718 5111 νειν
753 5061 863 5112 ὑπὸ
901 5063 1096 5114 στένει.
1176 5065 1362 5129 Suppl.
1402 5069 1498 5116 752
1542 5067 1728 5127 καλῶς
1768 5067 1823 5129 γ’
1858 5067 1924 5119 ἂν
1965 5065 2256 5132 ήμῖνῖσύν
2280 5070 2575 5134 postulent,
2600 5069 2657 5118 in
2682 5069 2847 5117 trium
2870 5065 3199 5130 tragicorum
3220 5064 3440 5114 fabulis.
3478 5065 3650 5125 Quac-

598 5129 865 5193 ξυμφέροι
901 5134 1096 5182 ταῦτα.
1127 5131 1146 5195 ΙΙ
1172 5133 1521 5196 συμφέρομαι
1556 5146 1652 5185 con
1693 5131 1890 5200 redior.
1949 5135 2289 5206 Sept.;ritur
2331 5139 2501 5201 igitur
2546 5141 2669 5185 utra
2714 5135 2887 5184 forma
2934 5133 3178 5183 centenis
3234 5132 3356 5182 aliis
3403 5134 3650 5182 versibus

597 5199 695 5246 636
732 5197 820 5248 ool
858 5199 1256 5263 συμφέρεσθαι.
1283 5197 1303 5264 ΙΙ
1328 5202 1598 5253 convenio,
1650 5202 1836 5267 buppl.
1874 5205 1971 5254 243
2006 5203 2433 5266 uti-{tribuenda
2470 5204 2542 5254 sit
2577 5218 2801 5267 quorum
2837 5205 3063 5250 metrum
3108 5206 3383 5264 utramque
3416 5200 3544 5249 fert:
3595 5202 3649 5249 in

597 5277 699 5313 vov
743 5264 862 5314 τόδ’
898 5265 1085 5327 Ἑλλὰς
1124 5266 1279 5329 χθὼν
1324 5267 1642 5321 συνοίσεται
1687 5270 1903 5334 στόχῳ,
1960 5271 2130 5338 quod.¹
2151 5273 2348 5340 quibus
2386 5276 2544 5322 tanta
2579 5276 2661 5320 est
2698 5270 2942 5319 codicum
2978 5269 3355 5317 inconstantia
3392 5283 3493 5317 nec
3531 5285 3649 5318 raro

598 5347 695 5394 per
730 5332 1101 5395 συμφωνήσει
1134 5351 1252 5399 exp.
1293 5335 1456 5386 schol.
2123 5342 2299 5390 linter
2331 5340 2479 5405 ipsos
2516 5338 2784 5388 dissensio
2821 5342 2883 5388 ut
2919 5335 3163 5384 collectis
3187 5335 3445 5399 exemplis
3485 5338 3647 5385 omni·

664 5402 969 5465 σύμφημι
1005 5400 1258 5453 assentio,
1329 5403 1416 5453 Pr.
1453 5406 1520 5454 40
1560 5403 1831 5468 σύμφημι.
2123 5391 2253 5526 ibus
2288 5406 2424 5457 nihil
2459 5405 2605 5456 aliud
2630 5404 2949 5455 conficiatur
2974 5416 3131 5467 quam
3153 5400 3404 5452 librarios
3428 5409 3647 5465 temere,

664 5469 1111 5533 σύμφθογγος
1147 5483 1466 5536 consonans,
1493 5470 1794 5523 concinens.
1842 5473 1940 5534 Ag.
1973 5476 2098 5525 1187
2155 5482 2209 5525 et
2251 5475 2519 5524 interdum
2576 5471 2711 5522 sdco
2760 5486 2880 5521 cum
2923 5470 3077 5518 metri
3122 5470 3284 5524 vitio.
3340 5473 3492 5521 modo
3542 5471 3651 5522 σύν

595 5537 702 5600 τὴν
737 5538 842 5600 γὰρ
880 5538 1085 5601 στέγην
1109 5537 1268 5600 τήνδ’
1293 5538 1492 5589 οὔποτ’
1514 5538 1755 5590 ἐκλείπει
1780 5539 1945 5602 χορὸς
1970 5553 2100 5605 συμ-
2123 5549 2128 5578 :
2152 5541 2304 5592 modo
2342 5541 2442 5594 ξύν
2476 5540 2781 5603 scripsisse,
2820 5539 2925 5588 nisi
2951 5537 3105 5601 quod,
3145 5543 3202 5586 ut
3228 5537 3535 5590 Ellendtius
3562 5543 3648 5591 ob-

594 5606 844 5667 ῳθογγος
881 5602 1263 5668 (ξύμφθογγος
1298 5607 1638 5667 'Pi-iclinius),
1679 5605 1782 5656 οὐκ
1820 5607 2098 5669 εὔφωνος.
2122 5585 2128 5652 -Ι
2153 5611 2411 5669 servavit,
2447 5609 2503 5658 in
2539 5607 2698 5657 initio
2723 5606 2921 5658 senarii
2957 5605 3100 5670 apud
3127 5605 3443 5668 Sophoclem
3483 5610 3537 5658 in
3564 5628 3652 5659 co-

661 5671 980 5736 συμφορά
1023 5677 1255 5724 eventus.
1325 5674 1408 5723 Dc
1454 5673 1600 5740 laeto
1647 5683 1843 5724 eventu
1893 5677 1986 5741 Ag.
2035 5679 2101 5726 24
2151 5677 2271 5726 dice
2308 5677 2550 5728 Mediceo
2588 5690 2752 5740 prope
2788 5679 3103 5725 constanter
3139 5673 3238 5723 ξύν
3276 5677 3562 5738 reperitur,
3597 5687 3654 5729 et

593 5742 764 5804 τῆσδε
802 5743 1090 5805 συμφορᾶς
1126 5739 1298 5804 χάριν.
1347 5731 1440 5792 ch.
1473 5737 1600 5792 solit
1638 5740 1760 5792 ἀλλ’
1785 5739 2096 5807 εὐτυχοίης,
2149 5743 2376 5809 simplex
2412 5743 2628 5809 quidem
2663 5743 2764 5792 ξύν
2800 5741 2885 5791 ΕΙ.
2920 5744 3019 5792 273
3054 5744 3153 5792 956
3194 5743 3319 5790 1122
3361 5747 3505 5814 1168.
3561 5746 3654 5801 Tr,

3150 5827 3253 5886 ⁶22*
